Date,Meal,Canteen_Section,Food_Category,Waste_Weight_kg,Unit_Price_per_kg,Cost_Loss,Year,Month,Day,Weekday,Week,DayOfYear,Quarter,IsWeekend,Is_Waste_Outlier,Is_Cost_Outlier,Is_High_Waste,Is_High_Cost,Month_Name,Weekday_Type,Waste_per_Price,Log_Waste
2025-06-11,Breakfast,B,Vegetables,1.81,3.0,5.43,2025,6,11,Wednesday,24,162,2,False,False,False,False,False,June,Weekday,0.6033333333333334,1.0331844833456545
2025-06-11,Lunch,B,Soup,3.32,1.5,4.9799999999999995,2025,6,11,Wednesday,24,162,2,False,False,False,False,False,June,Weekday,2.2133333333333334,1.463255402256019
2025-06-11,Dinner,B,Soup,1.27,1.5,1.905,2025,6,11,Wednesday,24,162,2,False,False,False,False,False,June,Weekday,0.8466666666666667,0.8197798314933114
2025-06-11,Lunch,D,Soup,1.1,1.5,1.6500000000000001,2025,6,11,Wednesday,24,162,2,False,False,False,False,False,June,Weekday,0.7333333333333334,0.7419373447293773
2025-06-11,Dinner,D,Meat,4.57,8.0,36.56,2025,6,11,Wednesday,24,162,2,False,False,True,True,True,June,Weekday,0.57125,1.7173950539391927
2025-06-11,Lunch,A,Meat,1.64,8.0,13.12,2025,6,11,Wednesday,24,162,2,False,False,False,False,False,June,Weekday,0.205,0.9707789171582247
2025-06-11,Dinner,C,Vegetables,2.81,3.0,8.43,2025,6,11,Wednesday,24,162,2,False,False,False,False,False,June,Weekday,0.9366666666666666,1.3376291891386096
2025-06-11,Breakfast,D,Meat,4.73,8.0,37.84,2025,6,11,Wednesday,24,162,2,False,False,True,True,True,June,Weekday,0.59125,1.7457155307266483
2025-06-11,Dinner,A,Rice,2.79,2.0,5.58,2025,6,11,Wednesday,24,162,2,False,False,False,False,False,June,Weekday,1.395,1.332366019094335
2025-06-11,Breakfast,B,Rice,2.51,2.0,5.02,2025,6,11,Wednesday,24,162,2,False,False,False,False,False,June,Weekday,1.255,1.2556160374777745
2025-06-11,Dinner,B,Vegetables,3.08,3.0,9.24,2025,6,11,Wednesday,24,162,2,False,False,False,False,False,June,Weekday,1.0266666666666666,1.4060969884160703
2025-06-11,Breakfast,A,Vegetables,2.97,3.0,8.91,2025,6,11,Wednesday,24,162,2,False,False,False,False,False,June,Weekday,0.9900000000000001,1.3787660946990992
2025-06-11,Lunch,D,Vegetables,3.82,3.0,11.459999999999999,2025,6,11,Wednesday,24,162,2,False,False,False,False,False,June,Weekday,1.2733333333333332,1.5727739280625088
2025-06-11,Breakfast,D,Soup,2.8,1.5,4.199999999999999,2025,6,11,Wednesday,24,162,2,False,False,False,False,False,June,Weekday,1.8666666666666665,1.33500106673234
2025-06-11,Dinner,D,Vegetables,2.36,3.0,7.08,2025,6,11,Wednesday,24,162,2,False,False,False,False,False,June,Weekday,0.7866666666666666,1.2119409739751128
2025-06-11,Lunch,D,Rice,3.81,2.0,7.62,2025,6,11,Wednesday,24,162,2,False,False,False,False,False,June,Weekday,1.905,1.5706970841176697
2025-06-11,Dinner,C,Meat,2.8,8.0,22.4,2025,6,11,Wednesday,24,162,2,False,False,True,False,False,June,Weekday,0.35,1.33500106673234
2025-06-11,Lunch,C,Meat,2.12,8.0,16.96,2025,6,11,Wednesday,24,162,2,False,False,False,False,False,June,Weekday,0.265,1.1378330018213911
2025-06-11,Dinner,A,Meat,4.65,8.0,37.2,2025,6,11,Wednesday,24,162,2,False,False,True,True,True,June,Weekday,0.58125,1.7316555451583495
2025-06-11,Lunch,C,Vegetables,1.02,3.0,3.06,2025,6,11,Wednesday,24,162,2,False,False,False,False,False,June,Weekday,0.34,0.7030975114131134
2025-06-11,Dinner,C,Rice,0.88,2.0,1.76,2025,6,11,Wednesday,24,162,2,False,False,False,False,False,June,Weekday,0.44,0.6312717768418579
2025-06-11,Breakfast,C,Meat,4.3,8.0,34.4,2025,6,11,Wednesday,24,162,2,False,False,True,True,True,June,Weekday,0.5375,1.667706820558076
2025-06-11,Lunch,A,Soup,4.85,1.5,7.2749999999999995,2025,6,11,Wednesday,24,162,2,False,False,False,True,False,June,Weekday,3.233333333333333,1.766441661243765
2025-06-11,Breakfast,B,Soup,1.73,1.5,2.5949999999999998,2025,6,11,Wednesday,24,162,2,False,False,False,False,False,June,Weekday,1.1533333333333333,1.0043016091968684
2025-06-11,Breakfast,D,Rice,1.51,2.0,3.02,2025,6,11,Wednesday,24,162,2,False,False,False,False,False,June,Weekday,0.755,0.9202827531436926
2025-06-11,Dinner,D,Soup,0.68,1.5,1.02,2025,6,11,Wednesday,24,162,2,False,False,False,False,False,June,Weekday,0.45333333333333337,0.5187937934151676
2025-06-11,Breakfast,C,Soup,3.5,1.5,5.25,2025,6,11,Wednesday,24,162,2,False,False,False,False,False,June,Weekday,2.3333333333333335,1.5040773967762742
2025-06-11,Breakfast,D,Vegetables,4.09,3.0,12.27,2025,6,11,Wednesday,24,162,2,False,False,False,True,False,June,Weekday,1.3633333333333333,1.6272778305624314
2025-06-11,Lunch,D,Meat,3.16,8.0,25.28,2025,6,11,Wednesday,24,162,2,False,False,True,False,False,June,Weekday,0.395,1.425515074273172
2025-06-11,Lunch,B,Rice,2.08,2.0,4.16,2025,6,11,Wednesday,24,162,2,False,False,False,False,False,June,Weekday,1.04,1.1249295969854831
2025-06-11,Dinner,C,Soup,0.56,1.5,0.8400000000000001,2025,6,11,Wednesday,24,162,2,False,False,False,False,False,June,Weekday,0.37333333333333335,0.44468582126144574
2025-06-11,Lunch,A,Vegetables,1.68,3.0,5.04,2025,6,11,Wednesday,24,162,2,False,False,False,False,False,June,Weekday,0.5599999999999999,0.9858167945227653
2025-06-11,Breakfast,C,Vegetables,1.72,3.0,5.16,2025,6,11,Wednesday,24,162,2,False,False,False,False,False,June,Weekday,0.5733333333333334,1.000631880307906
2025-06-11,Breakfast,A,Soup,3.21,1.5,4.8149999999999995,2025,6,11,Wednesday,24,162,2,False,False,False,False,False,June,Weekday,2.14,1.43746264769429
2025-06-11,Breakfast,C,Rice,3.38,2.0,6.76,2025,6,11,Wednesday,24,162,2,False,False,False,False,False,June,Weekday,1.69,1.4770487243883548
2025-06-11,Lunch,B,Vegetables,4.94,3.0,14.82,2025,6,11,Wednesday,24,162,2,False,False,False,True,False,June,Weekday,1.6466666666666667,1.7817091333745536
2025-06-11,Dinner,B,Rice,0.69,2.0,1.38,2025,6,11,Wednesday,24,162,2,False,False,False,False,False,June,Weekday,0.345,0.5247285289349821
2025-06-11,Dinner,D,Rice,4.96,2.0,9.92,2025,6,11,Wednesday,24,162,2,False,False,False,True,False,June,Weekday,2.48,1.7850704810772584
2025-06-11,Breakfast,A,Rice,4.59,2.0,9.18,2025,6,11,Wednesday,24,162,2,False,False,False,True,False,June,Weekday,2.295,1.7209792871670078
2025-06-11,Lunch,C,Soup,1.87,1.5,2.805,2025,6,11,Wednesday,24,162,2,False,False,False,False,False,June,Weekday,1.2466666666666668,1.0543120297715298
2025-06-11,Lunch,C,Rice,2.76,2.0,5.52,2025,6,11,Wednesday,24,162,2,False,False,False,False,False,June,Weekday,1.38,1.324418957401803
2025-06-11,Dinner,B,Meat,4.87,8.0,38.96,2025,6,11,Wednesday,24,162,2,False,False,True,True,True,June,Weekday,0.60875,1.769854633840005
2025-06-11,Dinner,A,Soup,3.52,1.5,5.28,2025,6,11,Wednesday,24,162,2,False,False,False,False,False,June,Weekday,2.3466666666666667,1.5085119938441398
2025-06-11,Breakfast,B,Meat,0.55,8.0,4.4,2025,6,11,Wednesday,24,162,2,False,False,False,False,False,June,Weekday,0.06875,0.4382549309311553
2025-06-12,Dinner,C,Vegetables,3.35,3.0,10.05,2025,6,12,Thursday,24,163,2,False,False,False,False,False,June,Weekday,1.1166666666666667,1.4701758451005928
2025-06-12,Dinner,C,Soup,4.12,1.5,6.18,2025,6,12,Thursday,24,163,2,False,False,False,True,False,June,Weekday,2.7466666666666666,1.6331544390514163
2025-06-12,Breakfast,B,Meat,4.19,8.0,33.52,2025,6,12,Thursday,24,163,2,False,False,True,True,True,June,Weekday,0.52375,1.6467336971777973
2025-06-12,Lunch,D,Vegetables,2.33,3.0,6.99,2025,6,12,Thursday,24,163,2,False,False,False,False,False,June,Weekday,0.7766666666666667,1.2029723039923526
2025-06-12,Lunch,D,Soup,1.68,1.5,2.52,2025,6,12,Thursday,24,163,2,False,False,False,False,False,June,Weekday,1.1199999999999999,0.9858167945227653
2025-06-12,Breakfast,D,Meat,4.33,8.0,34.64,2025,6,12,Thursday,24,163,2,False,False,True,True,True,June,Weekday,0.54125,1.6733512381777533
2025-06-12,Dinner,A,Soup,1.24,1.5,1.8599999999999999,2025,6,12,Thursday,24,163,2,False,False,False,False,False,June,Weekday,0.8266666666666667,0.8064758658669485
2025-06-12,Dinner,C,Meat,1.99,8.0,15.92,2025,6,12,Thursday,24,163,2,False,False,False,False,False,June,Weekday,0.24875,1.095273387402595
2025-06-12,Lunch,C,Soup,1.79,1.5,2.685,2025,6,12,Thursday,24,163,2,False,False,False,False,False,June,Weekday,1.1933333333333334,1.0260415958332743
2025-06-12,Breakfast,B,Vegetables,4.9,3.0,14.700000000000001,2025,6,12,Thursday,24,163,2,False,False,False,True,False,June,Weekday,1.6333333333333335,1.7749523509116738
2025-06-12,Breakfast,D,Vegetables,1.45,3.0,4.35,2025,6,12,Thursday,24,163,2,False,False,False,False,False,June,Weekday,0.48333333333333334,0.8960880245566356
2025-06-12,Breakfast,C,Rice,2.8,2.0,5.6,2025,6,12,Thursday,24,163,2,False,False,False,False,False,June,Weekday,1.4,1.33500106673234
2025-06-12,Dinner,C,Rice,4.08,2.0,8.16,2025,6,12,Thursday,24,163,2,False,False,False,True,False,June,Weekday,2.04,1.6253112615903906
2025-06-12,Lunch,B,Vegetables,2.98,3.0,8.94,2025,6,12,Thursday,24,163,2,False,False,False,False,False,June,Weekday,0.9933333333333333,1.3812818192963463
2025-06-12,Dinner,D,Vegetables,0.28,3.0,0.8400000000000001,2025,6,12,Thursday,24,163,2,False,False,False,False,False,June,Weekday,0.09333333333333334,0.2468600779315258
2025-06-12,Dinner,B,Soup,3.56,1.5,5.34,2025,6,12,Thursday,24,163,2,False,False,False,False,False,June,Weekday,2.3733333333333335,1.5173226235262947
2025-06-12,Lunch,C,Vegetables,2.74,3.0,8.22,2025,6,12,Thursday,24,163,2,False,False,False,False,False,June,Weekday,0.9133333333333334,1.3190856114264407
2025-06-12,Lunch,A,Vegetables,2.59,3.0,7.77,2025,6,12,Thursday,24,163,2,False,False,False,False,False,June,Weekday,0.8633333333333333,1.2781522025001875
2025-06-12,Breakfast,B,Soup,1.29,1.5,1.935,2025,6,12,Thursday,24,163,2,False,False,False,False,False,June,Weekday,0.86,0.8285518175661483
2025-06-12,Dinner,D,Meat,2.53,8.0,20.24,2025,6,12,Thursday,24,163,2,False,False,False,False,False,June,Weekday,0.31625,1.2612978709452054
2025-06-12,Lunch,C,Rice,2.5,2.0,5.0,2025,6,12,Thursday,24,163,2,False,False,False,False,False,June,Weekday,1.25,1.252762968495368
2025-06-12,Breakfast,D,Rice,4.41,2.0,8.82,2025,6,12,Thursday,24,163,2,False,False,False,True,False,June,Weekday,2.205,1.6882490928583902
2025-06-12,Dinner,D,Rice,4.91,2.0,9.82,2025,6,12,Thursday,24,163,2,False,False,False,True,False,June,Weekday,2.455,1.776645831418007
2025-06-12,Breakfast,D,Soup,3.97,1.5,5.955,2025,6,12,Thursday,24,163,2,False,False,False,False,False,June,Weekday,2.646666666666667,1.6034198401085373
2025-06-12,Lunch,C,Meat,0.83,8.0,6.64,2025,6,12,Thursday,24,163,2,False,False,False,False,False,June,Weekday,0.10375,0.6043159668533296
2025-06-12,Lunch,B,Rice,1.49,2.0,2.98,2025,6,12,Thursday,24,163,2,False,False,False,False,False,June,Weekday,0.745,0.9122827104766162
2025-06-12,Dinner,B,Vegetables,3.75,3.0,11.25,2025,6,12,Thursday,24,163,2,False,False,False,False,False,June,Weekday,1.25,1.55814461804655
2025-06-12,Lunch,A,Soup,4.12,1.5,6.18,2025,6,12,Thursday,24,163,2,False,False,False,True,False,June,Weekday,2.7466666666666666,1.6331544390514163
2025-06-12,Dinner,A,Meat,3.52,8.0,28.16,2025,6,12,Thursday,24,163,2,False,False,True,False,False,June,Weekday,0.44,1.5085119938441398
2025-06-12,Breakfast,C,Vegetables,4.62,3.0,13.86,2025,6,12,Thursday,24,163,2,False,False,False,True,False,June,Weekday,1.54,1.7263316639055997
2025-06-12,Dinner,A,Vegetables,2.9,3.0,8.7,2025,6,12,Thursday,24,163,2,False,False,False,False,False,June,Weekday,0.9666666666666667,1.3609765531356006
2025-06-12,Dinner,A,Rice,1.02,2.0,2.04,2025,6,12,Thursday,24,163,2,False,False,False,False,False,June,Weekday,0.51,0.7030975114131134
2025-06-12,Breakfast,C,Meat,1.98,8.0,15.84,2025,6,12,Thursday,24,163,2,False,False,False,False,False,June,Weekday,0.2475,1.091923300517313
2025-06-12,Lunch,D,Meat,2.76,8.0,22.08,2025,6,12,Thursday,24,163,2,False,False,False,False,False,June,Weekday,0.345,1.324418957401803
2025-06-12,Breakfast,A,Soup,2.59,1.5,3.885,2025,6,12,Thursday,24,163,2,False,False,False,False,False,June,Weekday,1.7266666666666666,1.2781522025001875
2025-06-12,Lunch,B,Meat,1.56,8.0,12.48,2025,6,12,Thursday,24,163,2,False,False,False,False,False,June,Weekday,0.195,0.9400072584914712
2025-06-12,Lunch,B,Soup,4.99,1.5,7.485,2025,6,12,Thursday,24,163,2,False,False,False,True,False,June,Weekday,3.3266666666666667,1.790091412127358
2025-06-12,Dinner,B,Rice,3.9,2.0,7.8,2025,6,12,Thursday,24,163,2,False,False,False,False,False,June,Weekday,1.95,1.589235205116581
2025-06-12,Breakfast,B,Rice,1.44,2.0,2.88,2025,6,12,Thursday,24,163,2,False,False,False,False,False,June,Weekday,0.72,0.8919980393051105
2025-06-12,Breakfast,A,Rice,4.18,2.0,8.36,2025,6,12,Thursday,24,163,2,False,False,False,True,False,June,Weekday,2.09,1.6448050562713916
2025-06-12,Breakfast,A,Vegetables,3.61,3.0,10.83,2025,6,12,Thursday,24,163,2,False,False,False,False,False,June,Weekday,1.2033333333333334,1.5282278570085572
2025-06-12,Lunch,A,Meat,4.68,8.0,37.44,2025,6,12,Thursday,24,163,2,False,False,True,True,True,June,Weekday,0.585,1.7369512327330598
2025-06-12,Breakfast,A,Meat,2.54,8.0,20.32,2025,6,12,Thursday,24,163,2,False,False,False,False,False,June,Weekday,0.3175,1.264126727145683
2025-06-12,Breakfast,C,Soup,2.59,1.5,3.885,2025,6,12,Thursday,24,163,2,False,False,False,False,False,June,Weekday,1.7266666666666666,1.2781522025001875
2025-06-12,Dinner,B,Meat,0.31,8.0,2.48,2025,6,12,Thursday,24,163,2,False,False,False,False,False,June,Weekday,0.03875,0.27002713721306015
2025-06-12,Lunch,D,Rice,2.8,2.0,5.6,2025,6,12,Thursday,24,163,2,False,False,False,False,False,June,Weekday,1.4,1.33500106673234
2025-06-13,Breakfast,C,Soup,4.85,1.5,7.2749999999999995,2025,6,13,Friday,24,164,2,False,False,False,True,False,June,Weekday,3.233333333333333,1.766441661243765
2025-06-13,Breakfast,B,Meat,2.34,8.0,18.72,2025,6,13,Friday,24,164,2,False,False,False,False,False,June,Weekday,0.2925,1.205970806988609
2025-06-13,Lunch,C,Soup,4.99,1.5,7.485,2025,6,13,Friday,24,164,2,False,False,False,True,False,June,Weekday,3.3266666666666667,1.790091412127358
2025-06-13,Dinner,A,Soup,4.53,1.5,6.795,2025,6,13,Friday,24,164,2,False,False,False,True,False,June,Weekday,3.02,1.7101878155342436
2025-06-13,Dinner,B,Meat,4.0,8.0,32.0,2025,6,13,Friday,24,164,2,False,False,True,False,True,June,Weekday,0.5,1.6094379124341003
2025-06-13,Lunch,D,Vegetables,0.58,3.0,1.7399999999999998,2025,6,13,Friday,24,164,2,False,False,False,False,False,June,Weekday,0.19333333333333333,0.4574248470388754
2025-06-13,Lunch,D,Meat,2.23,8.0,17.84,2025,6,13,Friday,24,164,2,False,False,False,False,False,June,Weekday,0.27875,1.172482137234565
2025-06-13,Dinner,D,Rice,0.93,2.0,1.86,2025,6,13,Friday,24,164,2,False,False,False,False,False,June,Weekday,0.465,0.6575200029167942
2025-06-13,Breakfast,D,Vegetables,3.28,3.0,9.84,2025,6,13,Friday,24,164,2,False,False,False,False,False,June,Weekday,1.0933333333333333,1.4539530095937054
2025-06-13,Dinner,C,Rice,0.81,2.0,1.62,2025,6,13,Friday,24,164,2,False,False,False,False,False,June,Weekday,0.405,0.5933268452777344
2025-06-13,Lunch,B,Rice,3.62,2.0,7.24,2025,6,13,Friday,24,164,2,False,False,False,False,False,June,Weekday,1.81,1.5303947050936475
2025-06-13,Dinner,D,Meat,0.49,8.0,3.92,2025,6,13,Friday,24,164,2,False,False,False,False,False,June,Weekday,0.06125,0.3987761199573678
2025-06-13,Lunch,B,Soup,0.28,1.5,0.42000000000000004,2025,6,13,Friday,24,164,2,False,False,False,False,False,June,Weekday,0.18666666666666668,0.2468600779315258
2025-06-13,Breakfast,D,Meat,3.49,8.0,27.92,2025,6,13,Friday,24,164,2,False,False,True,False,False,June,Weekday,0.43625,1.501852701754163
2025-06-13,Breakfast,C,Rice,3.31,2.0,6.62,2025,6,13,Friday,24,164,2,False,False,False,False,False,June,Weekday,1.655,1.4609379041156565
2025-06-13,Breakfast,A,Soup,2.26,1.5,3.3899999999999997,2025,6,13,Friday,24,164,2,False,False,False,False,False,June,Weekday,1.5066666666666666,1.1817271953786161
2025-06-13,Dinner,C,Soup,3.98,1.5,5.97,2025,6,13,Friday,24,164,2,False,False,False,False,False,June,Weekday,2.6533333333333333,1.6054298910365616
2025-06-13,Breakfast,A,Rice,2.99,2.0,5.98,2025,6,13,Friday,24,164,2,False,False,False,False,False,June,Weekday,1.495,1.3837912309017721
2025-06-13,Breakfast,C,Vegetables,2.4,3.0,7.199999999999999,2025,6,13,Friday,24,164,2,False,False,False,False,False,June,Weekday,0.7999999999999999,1.2237754316221157
2025-06-13,Dinner,A,Rice,4.38,2.0,8.76,2025,6,13,Friday,24,164,2,False,False,False,True,False,June,Weekday,2.19,1.682688374173693
2025-06-13,Lunch,B,Vegetables,4.37,3.0,13.11,2025,6,13,Friday,24,164,2,False,False,False,True,False,June,Weekday,1.4566666666666668,1.6808279085207734
2025-06-13,Dinner,B,Soup,1.94,1.5,2.91,2025,6,13,Friday,24,164,2,False,False,False,False,False,June,Weekday,1.2933333333333332,1.0784095813505903
2025-06-13,Dinner,C,Meat,2.7,8.0,21.6,2025,6,13,Friday,24,164,2,False,False,False,False,False,June,Weekday,0.3375,1.308332819650179
2025-06-13,Breakfast,D,Rice,1.76,2.0,3.52,2025,6,13,Friday,24,164,2,False,False,False,False,False,June,Weekday,0.88,1.0152306797290587
2025-06-13,Lunch,A,Meat,4.31,8.0,34.48,2025,6,13,Friday,24,164,2,False,False,True,True,True,June,Weekday,0.53875,1.6695918352538475
2025-06-13,Breakfast,A,Meat,4.36,8.0,34.88,2025,6,13,Friday,24,164,2,False,False,True,True,True,June,Weekday,0.545,1.6789639750827106
2025-06-13,Breakfast,B,Vegetables,3.64,3.0,10.92,2025,6,13,Friday,24,164,2,False,False,False,False,False,June,Weekday,1.2133333333333334,1.534714366238164
2025-06-13,Dinner,B,Vegetables,1.54,3.0,4.62,2025,6,13,Friday,24,164,2,False,False,False,False,False,June,Weekday,0.5133333333333333,0.9321640810304452
2025-06-13,Dinner,B,Rice,0.33,2.0,0.66,2025,6,13,Friday,24,164,2,False,False,False,False,False,June,Weekday,0.165,0.2851789422336624
2025-06-13,Breakfast,C,Meat,0.86,8.0,6.88,2025,6,13,Friday,24,164,2,False,False,False,False,False,June,Weekday,0.1075,0.6205764877251099
2025-06-13,Dinner,A,Meat,2.27,8.0,18.16,2025,6,13,Friday,24,164,2,False,False,False,False,False,June,Weekday,0.28375,1.184789984909162
2025-06-13,Dinner,C,Vegetables,2.87,3.0,8.61,2025,6,13,Friday,24,164,2,False,False,False,False,False,June,Weekday,0.9566666666666667,1.3532545070416904
2025-06-13,Dinner,D,Soup,3.14,1.5,4.71,2025,6,13,Friday,24,164,2,False,False,False,False,False,June,Weekday,2.0933333333333333,1.420695787837223
2025-06-13,Lunch,B,Meat,3.82,8.0,30.56,2025,6,13,Friday,24,164,2,False,False,True,False,True,June,Weekday,0.4775,1.5727739280625088
2025-06-13,Lunch,C,Meat,3.19,8.0,25.52,2025,6,13,Friday,24,164,2,False,False,True,False,False,June,Weekday,0.39875,1.4327007339340463
2025-06-13,Breakfast,B,Rice,2.68,2.0,5.36,2025,6,13,Friday,24,164,2,False,False,False,False,False,June,Weekday,1.34,1.3029127521808397
2025-06-13,Lunch,A,Soup,1.65,1.5,2.4749999999999996,2025,6,13,Friday,24,164,2,False,False,False,False,False,June,Weekday,1.0999999999999999,0.9745596399981308
2025-06-13,Lunch,D,Soup,3.21,1.5,4.8149999999999995,2025,6,13,Friday,24,164,2,False,False,False,False,False,June,Weekday,2.14,1.43746264769429
2025-06-13,Lunch,A,Rice,4.28,2.0,8.56,2025,6,13,Friday,24,164,2,False,False,False,True,False,June,Weekday,2.14,1.66392609771817
2025-06-13,Lunch,A,Vegetables,1.96,3.0,5.88,2025,6,13,Friday,24,164,2,False,False,False,False,False,June,Weekday,0.6533333333333333,1.085189268335969
2025-06-13,Lunch,D,Rice,3.76,2.0,7.52,2025,6,13,Friday,24,164,2,False,False,False,False,False,June,Weekday,1.88,1.5602476682433286
2025-06-13,Lunch,C,Rice,0.44,2.0,0.88,2025,6,13,Friday,24,164,2,False,False,False,False,False,June,Weekday,0.22,0.36464311358790924
2025-06-13,Dinner,D,Vegetables,4.37,3.0,13.11,2025,6,13,Friday,24,164,2,False,False,False,True,False,June,Weekday,1.4566666666666668,1.6808279085207734
2025-06-13,Breakfast,D,Soup,4.27,1.5,6.404999999999999,2025,6,13,Friday,24,164,2,False,False,False,True,False,June,Weekday,2.8466666666666662,1.6620303625532709
2025-06-14,Lunch,C,Rice,4.96,2.0,9.92,2025,6,14,Saturday,24,165,2,True,False,False,True,False,June,Weekend,2.48,1.7850704810772584
2025-06-14,Lunch,B,Meat,1.26,8.0,10.08,2025,6,14,Saturday,24,165,2,True,False,False,False,False,June,Weekend,0.1575,0.8153648132841945
2025-06-14,Breakfast,B,Rice,1.34,2.0,2.68,2025,6,14,Saturday,24,165,2,True,False,False,False,False,June,Weekend,0.67,0.8501509293696101
2025-06-14,Dinner,A,Rice,0.34,2.0,0.68,2025,6,14,Saturday,24,165,2,True,False,False,False,False,June,Weekend,0.17,0.29266961396282
2025-06-14,Dinner,B,Rice,1.5,2.0,3.0,2025,6,14,Saturday,24,165,2,True,False,False,False,False,June,Weekend,0.75,0.9162907318741551
2025-06-14,Lunch,B,Soup,2.92,1.5,4.38,2025,6,14,Saturday,24,165,2,True,False,False,False,False,June,Weekend,1.9466666666666665,1.366091653802371
2025-06-14,Breakfast,B,Soup,4.04,1.5,6.0600000000000005,2025,6,14,Saturday,24,165,2,True,False,False,True,False,June,Weekend,2.6933333333333334,1.6174060820832772
2025-06-14,Dinner,B,Meat,4.01,8.0,32.08,2025,6,14,Saturday,24,165,2,True,False,True,True,True,June,Weekend,0.50125,1.6114359150967734
2025-06-14,Lunch,D,Soup,3.75,1.5,5.625,2025,6,14,Saturday,24,165,2,True,False,False,False,False,June,Weekend,2.5,1.55814461804655
2025-06-14,Dinner,C,Meat,3.14,8.0,25.12,2025,6,14,Saturday,24,165,2,True,False,True,False,False,June,Weekend,0.3925,1.420695787837223
2025-06-14,Breakfast,C,Soup,2.26,1.5,3.3899999999999997,2025,6,14,Saturday,24,165,2,True,False,False,False,False,June,Weekend,1.5066666666666666,1.1817271953786161
2025-06-14,Breakfast,D,Rice,1.79,2.0,3.58,2025,6,14,Saturday,24,165,2,True,False,False,False,False,June,Weekend,0.895,1.0260415958332743
2025-06-14,Breakfast,A,Soup,2.36,1.5,3.54,2025,6,14,Saturday,24,165,2,True,False,False,False,False,June,Weekend,1.5733333333333333,1.2119409739751128
2025-06-14,Dinner,D,Soup,4.53,1.5,6.795,2025,6,14,Saturday,24,165,2,True,False,False,True,False,June,Weekend,3.02,1.7101878155342436
2025-06-14,Breakfast,B,Vegetables,0.15,3.0,0.44999999999999996,2025,6,14,Saturday,24,165,2,True,False,False,False,False,June,Weekend,0.049999999999999996,0.13976194237515868
2025-06-14,Breakfast,A,Rice,1.28,2.0,2.56,2025,6,14,Saturday,24,165,2,True,False,False,False,False,June,Weekend,0.64,0.8241754429663495
2025-06-14,Dinner,A,Meat,3.07,8.0,24.56,2025,6,14,Saturday,24,165,2,True,False,True,False,False,June,Weekend,0.38375,1.4036429994545037
2025-06-14,Dinner,B,Soup,1.83,1.5,2.745,2025,6,14,Saturday,24,165,2,True,False,False,False,False,June,Weekend,1.22,1.0402767116551463
2025-06-14,Dinner,C,Rice,3.22,2.0,6.44,2025,6,14,Saturday,24,165,2,True,False,False,False,False,June,Weekend,1.61,1.4398351280479205
2025-06-14,Lunch,D,Vegetables,3.46,3.0,10.379999999999999,2025,6,14,Saturday,24,165,2,True,False,False,False,False,June,Weekend,1.1533333333333333,1.4951487660319727
2025-06-14,Dinner,A,Vegetables,2.53,3.0,7.59,2025,6,14,Saturday,24,165,2,True,False,False,False,False,June,Weekend,0.8433333333333333,1.2612978709452054
2025-06-14,Breakfast,D,Soup,2.18,1.5,3.2700000000000005,2025,6,14,Saturday,24,165,2,True,False,False,False,False,June,Weekend,1.4533333333333334,1.1568811967920856
2025-06-14,Dinner,A,Soup,4.53,1.5,6.795,2025,6,14,Saturday,24,165,2,True,False,False,True,False,June,Weekend,3.02,1.7101878155342436
2025-06-14,Breakfast,D,Meat,2.98,8.0,23.84,2025,6,14,Saturday,24,165,2,True,False,True,False,False,June,Weekend,0.3725,1.3812818192963463
2025-06-14,Breakfast,C,Meat,3.42,8.0,27.36,2025,6,14,Saturday,24,165,2,True,False,True,False,False,June,Weekend,0.4275,1.4861396960896067
2025-06-14,Lunch,A,Soup,1.98,1.5,2.9699999999999998,2025,6,14,Saturday,24,165,2,True,False,False,False,False,June,Weekend,1.32,1.091923300517313
2025-06-14,Breakfast,C,Vegetables,0.87,3.0,2.61,2025,6,14,Saturday,24,165,2,True,False,False,False,False,June,Weekend,0.29,0.6259384308664953
2025-06-14,Breakfast,B,Meat,1.35,8.0,10.8,2025,6,14,Saturday,24,165,2,True,False,False,False,False,June,Weekend,0.16875,0.8544153281560676
2025-06-14,Lunch,D,Rice,1.44,2.0,2.88,2025,6,14,Saturday,24,165,2,True,False,False,False,False,June,Weekend,0.72,0.8919980393051105
2025-06-14,Breakfast,A,Meat,4.57,8.0,36.56,2025,6,14,Saturday,24,165,2,True,False,True,True,True,June,Weekend,0.57125,1.7173950539391927
2025-06-14,Lunch,C,Vegetables,4.89,3.0,14.669999999999998,2025,6,14,Saturday,24,165,2,True,False,False,True,False,June,Weekend,1.63,1.7732559976634952
2025-06-14,Dinner,D,Rice,3.33,2.0,6.66,2025,6,14,Saturday,24,165,2,True,False,False,False,False,June,Weekend,1.665,1.4655675420143985
2025-06-14,Breakfast,C,Rice,4.52,2.0,9.04,2025,6,14,Saturday,24,165,2,True,False,False,True,False,June,Weekend,2.26,1.7083778602890038
2025-06-14,Lunch,A,Vegetables,1.08,3.0,3.24,2025,6,14,Saturday,24,165,2,True,False,False,False,False,June,Weekend,0.36000000000000004,0.7323678937132266
2025-06-14,Lunch,B,Vegetables,2.9,3.0,8.7,2025,6,14,Saturday,24,165,2,True,False,False,False,False,June,Weekend,0.9666666666666667,1.3609765531356006
2025-06-14,Dinner,B,Vegetables,3.07,3.0,9.209999999999999,2025,6,14,Saturday,24,165,2,True,False,False,False,False,June,Weekend,1.0233333333333332,1.4036429994545037
2025-06-14,Lunch,B,Rice,2.47,2.0,4.94,2025,6,14,Saturday,24,165,2,True,False,False,False,False,June,Weekend,1.235,1.244154593958768
2025-06-14,Dinner,C,Soup,3.63,1.5,5.445,2025,6,14,Saturday,24,165,2,True,False,False,False,False,June,Weekend,2.42,1.5325568680981427
2025-06-14,Lunch,C,Meat,1.55,8.0,12.4,2025,6,14,Saturday,24,165,2,True,False,False,False,False,June,Weekend,0.19375,0.9360933591703348
2025-06-14,Lunch,D,Meat,2.87,8.0,22.96,2025,6,14,Saturday,24,165,2,True,False,True,False,False,June,Weekend,0.35875,1.3532545070416904
2025-06-14,Dinner,D,Vegetables,3.18,3.0,9.540000000000001,2025,6,14,Saturday,24,165,2,True,False,False,False,False,June,Weekend,1.06,1.430311246536665
2025-06-14,Lunch,C,Soup,3.33,1.5,4.995,2025,6,14,Saturday,24,165,2,True,False,False,False,False,June,Weekend,2.22,1.4655675420143985
2025-06-14,Breakfast,D,Vegetables,3.23,3.0,9.69,2025,6,14,Saturday,24,165,2,True,False,False,False,False,June,Weekend,1.0766666666666667,1.4422019930581866
2025-06-15,Breakfast,A,Meat,1.61,8.0,12.88,2025,6,15,Sunday,24,166,2,True,False,False,False,False,June,Weekend,0.20125,0.9593502213346021
2025-06-15,Dinner,A,Soup,3.4,1.5,5.1,2025,6,15,Sunday,24,166,2,True,False,False,False,False,June,Weekend,2.2666666666666666,1.4816045409242156
2025-06-15,Breakfast,A,Rice,3.27,2.0,6.54,2025,6,15,Sunday,24,166,2,True,False,False,False,False,June,Weekend,1.635,1.4516138272405332
2025-06-15,Breakfast,B,Rice,3.69,2.0,7.38,2025,6,15,Sunday,24,166,2,True,False,False,False,False,June,Weekend,1.845,1.545432582458188
2025-06-15,Lunch,C,Soup,4.9,1.5,7.3500000000000005,2025,6,15,Sunday,24,166,2,True,False,False,True,False,June,Weekend,3.266666666666667,1.7749523509116738
2025-06-15,Lunch,A,Soup,3.76,1.5,5.64,2025,6,15,Sunday,24,166,2,True,False,False,False,False,June,Weekend,2.5066666666666664,1.5602476682433286
2025-06-15,Lunch,B,Soup,0.79,1.5,1.185,2025,6,15,Sunday,24,166,2,True,False,False,False,False,June,Weekend,0.5266666666666667,0.5822156198526637
2025-06-15,Breakfast,D,Rice,2.7,2.0,5.4,2025,6,15,Sunday,24,166,2,True,False,False,False,False,June,Weekend,1.35,1.308332819650179
2025-06-15,Dinner,B,Rice,3.39,2.0,6.78,2025,6,15,Sunday,24,166,2,True,False,False,False,False,June,Weekend,1.695,1.47932922708708
2025-06-15,Dinner,C,Meat,1.25,8.0,10.0,2025,6,15,Sunday,24,166,2,True,False,False,False,False,June,Weekend,0.15625,0.8109302162163288
2025-06-15,Lunch,D,Rice,4.84,2.0,9.68,2025,6,15,Sunday,24,166,2,True,False,False,True,False,June,Weekend,2.42,1.7647307968401358
2025-06-15,Dinner,C,Rice,0.63,2.0,1.26,2025,6,15,Sunday,24,166,2,True,False,False,False,False,June,Weekend,0.315,0.48858001481867097
2025-06-15,Dinner,A,Rice,0.17,2.0,0.34,2025,6,15,Sunday,24,166,2,True,False,False,False,False,June,Weekend,0.085,0.15700374880966475
2025-06-15,Lunch,B,Vegetables,4.82,3.0,14.46,2025,6,15,Sunday,24,166,2,True,False,False,True,False,June,Weekend,1.6066666666666667,1.7613002617433464
2025-06-15,Breakfast,A,Soup,2.94,1.5,4.41,2025,6,15,Sunday,24,166,2,True,False,False,False,False,June,Weekend,1.96,1.3711807233098425
2025-06-15,Dinner,D,Soup,0.41,1.5,0.615,2025,6,15,Sunday,24,166,2,True,False,False,False,False,June,Weekend,0.2733333333333333,0.3435897043900769
2025-06-15,Lunch,D,Meat,4.04,8.0,32.32,2025,6,15,Sunday,24,166,2,True,False,True,True,True,June,Weekend,0.505,1.6174060820832772
2025-06-15,Lunch,C,Meat,4.31,8.0,34.48,2025,6,15,Sunday,24,166,2,True,False,True,True,True,June,Weekend,0.53875,1.6695918352538475
2025-06-15,Lunch,C,Vegetables,3.65,3.0,10.95,2025,6,15,Sunday,24,166,2,True,False,False,False,False,June,Weekend,1.2166666666666666,1.536867219599265
2025-06-15,Breakfast,D,Meat,4.58,8.0,36.64,2025,6,15,Sunday,24,166,2,True,False,True,True,True,June,Weekend,0.5725,1.7191887763932197
2025-06-15,Dinner,C,Soup,4.43,1.5,6.645,2025,6,15,Sunday,24,166,2,True,False,False,True,False,June,Weekend,2.953333333333333,1.691939133945844
2025-06-15,Dinner,B,Soup,4.71,1.5,7.0649999999999995,2025,6,15,Sunday,24,166,2,True,False,False,True,False,June,Weekend,3.14,1.7422190236679187
2025-06-15,Dinner,D,Vegetables,1.18,3.0,3.54,2025,6,15,Sunday,24,166,2,True,False,False,False,False,June,Weekend,0.3933333333333333,0.7793248768009976
2025-06-15,Breakfast,A,Vegetables,2.26,3.0,6.779999999999999,2025,6,15,Sunday,24,166,2,True,False,False,False,False,June,Weekend,0.7533333333333333,1.1817271953786161
2025-06-15,Breakfast,C,Soup,4.86,1.5,7.290000000000001,2025,6,15,Sunday,24,166,2,True,False,False,True,False,June,Weekend,3.24,1.7681496035889213
2025-06-15,Lunch,D,Vegetables,1.89,3.0,5.67,2025,6,15,Sunday,24,166,2,True,False,False,False,False,June,Weekend,0.63,1.0612565021243408
2025-06-15,Lunch,C,Rice,4.84,2.0,9.68,2025,6,15,Sunday,24,166,2,True,False,False,True,False,June,Weekend,2.42,1.7647307968401358
2025-06-15,Dinner,B,Vegetables,4.13,3.0,12.39,2025,6,15,Sunday,24,166,2,True,False,False,True,False,June,Weekend,1.3766666666666667,1.635105659182678
2025-06-15,Breakfast,B,Soup,3.76,1.5,5.64,2025,6,15,Sunday,24,166,2,True,False,False,False,False,June,Weekend,2.5066666666666664,1.5602476682433286
2025-06-15,Dinner,A,Vegetables,2.33,3.0,6.99,2025,6,15,Sunday,24,166,2,True,False,False,False,False,June,Weekend,0.7766666666666667,1.2029723039923526
2025-06-15,Dinner,C,Vegetables,0.22,3.0,0.66,2025,6,15,Sunday,24,166,2,True,False,False,False,False,June,Weekend,0.07333333333333333,0.1988508587451652
2025-06-15,Lunch,A,Meat,2.46,8.0,19.68,2025,6,15,Sunday,24,166,2,True,False,False,False,False,June,Weekend,0.3075,1.2412685890696329
2025-06-15,Lunch,D,Soup,3.97,1.5,5.955,2025,6,15,Sunday,24,166,2,True,False,False,False,False,June,Weekend,2.646666666666667,1.6034198401085373
2025-06-15,Dinner,B,Meat,2.96,8.0,23.68,2025,6,15,Sunday,24,166,2,True,False,True,False,False,June,Weekend,0.37,1.3762440252663892
2025-06-15,Lunch,B,Rice,1.76,2.0,3.52,2025,6,15,Sunday,24,166,2,True,False,False,False,False,June,Weekend,0.88,1.0152306797290587
2025-06-15,Breakfast,D,Soup,1.36,1.5,2.04,2025,6,15,Sunday,24,166,2,True,False,False,False,False,June,Weekend,0.9066666666666667,0.8586616190375187
2025-06-15,Lunch,A,Rice,4.14,2.0,8.28,2025,6,15,Sunday,24,166,2,True,False,False,True,False,June,Weekend,2.07,1.6370530794670737
2025-06-15,Dinner,D,Meat,4.58,8.0,36.64,2025,6,15,Sunday,24,166,2,True,False,True,True,True,June,Weekend,0.5725,1.7191887763932197
2025-06-15,Breakfast,B,Vegetables,1.55,3.0,4.65,2025,6,15,Sunday,24,166,2,True,False,False,False,False,June,Weekend,0.5166666666666667,0.9360933591703348
2025-06-15,Lunch,A,Vegetables,4.05,3.0,12.149999999999999,2025,6,15,Sunday,24,166,2,True,False,False,True,False,June,Weekend,1.3499999999999999,1.6193882432872684
2025-06-15,Lunch,B,Meat,0.66,8.0,5.28,2025,6,15,Sunday,24,166,2,True,False,False,False,False,June,Weekend,0.0825,0.5068176023684519
2025-06-15,Dinner,D,Rice,2.85,2.0,5.7,2025,6,15,Sunday,24,166,2,True,False,False,False,False,June,Weekend,1.425,1.3480731482996928
2025-06-16,Breakfast,B,Meat,4.74,8.0,37.92,2025,6,16,Monday,25,167,2,False,False,True,True,True,June,Weekday,0.5925,1.747459210331475
2025-06-16,Breakfast,A,Vegetables,1.58,3.0,4.74,2025,6,16,Monday,25,167,2,False,False,False,False,False,June,Weekday,0.5266666666666667,0.9477893989335261
2025-06-16,Breakfast,D,Rice,3.39,2.0,6.78,2025,6,16,Monday,25,167,2,False,False,False,False,False,June,Weekday,1.695,1.47932922708708
2025-06-16,Lunch,A,Vegetables,2.13,3.0,6.39,2025,6,16,Monday,25,167,2,False,False,False,False,False,June,Weekday,0.71,1.1410330045520618
2025-06-16,Dinner,D,Soup,3.85,1.5,5.775,2025,6,16,Monday,25,167,2,False,False,False,False,False,June,Weekday,2.566666666666667,1.578978704949392
2025-06-16,Lunch,C,Meat,2.27,8.0,18.16,2025,6,16,Monday,25,167,2,False,False,False,False,False,June,Weekday,0.28375,1.184789984909162
2025-06-16,Lunch,C,Rice,1.92,2.0,3.84,2025,6,16,Monday,25,167,2,False,False,False,False,False,June,Weekday,0.96,1.0715836162801904
2025-06-16,Lunch,A,Rice,3.74,2.0,7.48,2025,6,16,Monday,25,167,2,False,False,False,False,False,June,Weekday,1.87,1.556037135706985
2025-06-16,Breakfast,B,Rice,0.78,2.0,1.56,2025,6,16,Monday,25,167,2,False,False,False,False,False,June,Weekday,0.39,0.5766133643039938
2025-06-16,Lunch,B,Meat,2.1,8.0,16.8,2025,6,16,Monday,25,167,2,False,False,False,False,False,June,Weekday,0.2625,1.1314021114911006
2025-06-16,Dinner,B,Vegetables,3.35,3.0,10.05,2025,6,16,Monday,25,167,2,False,False,False,False,False,June,Weekday,1.1166666666666667,1.4701758451005928
2025-06-16,Dinner,B,Soup,3.24,1.5,4.86,2025,6,16,Monday,25,167,2,False,False,False,False,False,June,Weekday,2.16,1.4445632692438664
2025-06-16,Breakfast,B,Soup,2.51,1.5,3.7649999999999997,2025,6,16,Monday,25,167,2,False,False,False,False,False,June,Weekday,1.6733333333333331,1.2556160374777745
2025-06-16,Dinner,B,Meat,2.33,8.0,18.64,2025,6,16,Monday,25,167,2,False,False,False,False,False,June,Weekday,0.29125,1.2029723039923526
2025-06-16,Lunch,B,Soup,0.26,1.5,0.39,2025,6,16,Monday,25,167,2,False,False,False,False,False,June,Weekday,0.17333333333333334,0.23111172096338664
2025-06-16,Lunch,B,Rice,2.5,2.0,5.0,2025,6,16,Monday,25,167,2,False,False,False,False,False,June,Weekday,1.25,1.252762968495368
2025-06-16,Dinner,A,Meat,2.05,8.0,16.4,2025,6,16,Monday,25,167,2,False,False,False,False,False,June,Weekday,0.25625,1.11514159061932
2025-06-16,Lunch,C,Vegetables,4.76,3.0,14.28,2025,6,16,Monday,25,167,2,False,False,False,True,False,June,Weekday,1.5866666666666667,1.7509374747077997
2025-06-16,Lunch,D,Meat,3.46,8.0,27.68,2025,6,16,Monday,25,167,2,False,False,True,False,False,June,Weekday,0.4325,1.4951487660319727
2025-06-16,Dinner,D,Rice,0.72,2.0,1.44,2025,6,16,Monday,25,167,2,False,False,False,False,False,June,Weekday,0.36,0.5423242908253616
2025-06-16,Dinner,C,Vegetables,3.96,3.0,11.879999999999999,2025,6,16,Monday,25,167,2,False,False,False,False,False,June,Weekday,1.32,1.601405740736836
2025-06-16,Breakfast,C,Vegetables,0.76,3.0,2.2800000000000002,2025,6,16,Monday,25,167,2,False,False,False,False,False,June,Weekday,0.25333333333333335,0.5653138090500605
2025-06-16,Breakfast,C,Rice,0.58,2.0,1.16,2025,6,16,Monday,25,167,2,False,False,False,False,False,June,Weekday,0.29,0.4574248470388754
2025-06-16,Lunch,D,Soup,4.89,1.5,7.334999999999999,2025,6,16,Monday,25,167,2,False,False,False,True,False,June,Weekday,3.26,1.7732559976634952
2025-06-16,Dinner,A,Soup,0.7,1.5,1.0499999999999998,2025,6,16,Monday,25,167,2,False,False,False,False,False,June,Weekday,0.4666666666666666,0.5306282510621704
2025-06-16,Breakfast,D,Vegetables,4.74,3.0,14.22,2025,6,16,Monday,25,167,2,False,False,False,True,False,June,Weekday,1.58,1.747459210331475
2025-06-16,Breakfast,B,Vegetables,1.59,3.0,4.7700000000000005,2025,6,16,Monday,25,167,2,False,False,False,False,False,June,Weekday,0.53,0.9516578757114464
2025-06-16,Dinner,D,Meat,2.87,8.0,22.96,2025,6,16,Monday,25,167,2,False,False,True,False,False,June,Weekday,0.35875,1.3532545070416904
2025-06-16,Lunch,A,Soup,0.59,1.5,0.885,2025,6,16,Monday,25,167,2,False,False,False,False,False,June,Weekday,0.3933333333333333,0.46373401623214017
2025-06-16,Breakfast,C,Meat,4.45,8.0,35.6,2025,6,16,Monday,25,167,2,False,False,True,True,True,June,Weekday,0.55625,1.6956156086751528
2025-06-16,Dinner,C,Soup,1.29,1.5,1.935,2025,6,16,Monday,25,167,2,False,False,False,False,False,June,Weekday,0.86,0.8285518175661483
2025-06-16,Lunch,C,Soup,4.29,1.5,6.4350000000000005,2025,6,16,Monday,25,167,2,False,False,False,True,False,June,Weekday,2.86,1.665818245870208
2025-06-16,Lunch,A,Meat,0.86,8.0,6.88,2025,6,16,Monday,25,167,2,False,False,False,False,False,June,Weekday,0.1075,0.6205764877251099
2025-06-16,Dinner,B,Rice,4.26,2.0,8.52,2025,6,16,Monday,25,167,2,False,False,False,True,False,June,Weekday,2.13,1.6601310267496183
2025-06-16,Dinner,A,Rice,1.86,2.0,3.72,2025,6,16,Monday,25,167,2,False,False,False,False,False,June,Weekday,0.93,1.0508216248317612
2025-06-16,Dinner,C,Meat,0.2,8.0,1.6,2025,6,16,Monday,25,167,2,False,False,False,False,False,June,Weekday,0.025,0.18232155679395462
2025-06-16,Lunch,D,Vegetables,2.77,3.0,8.31,2025,6,16,Monday,25,167,2,False,False,False,False,False,June,Weekday,0.9233333333333333,1.3270750014599193
2025-06-16,Dinner,C,Rice,3.03,2.0,6.06,2025,6,16,Monday,25,167,2,False,False,False,False,False,June,Weekday,1.515,1.3937663759585917
2025-06-16,Breakfast,C,Soup,2.32,1.5,3.4799999999999995,2025,6,16,Monday,25,167,2,False,False,False,False,False,June,Weekday,1.5466666666666666,1.199964782928397
2025-06-16,Breakfast,D,Soup,2.15,1.5,3.2249999999999996,2025,6,16,Monday,25,167,2,False,False,False,False,False,June,Weekday,1.4333333333333333,1.1474024528375417
2025-06-16,Breakfast,A,Rice,4.14,2.0,8.28,2025,6,16,Monday,25,167,2,False,False,False,True,False,June,Weekday,2.07,1.6370530794670737
2025-06-16,Breakfast,A,Soup,2.1,1.5,3.1500000000000004,2025,6,16,Monday,25,167,2,False,False,False,False,False,June,Weekday,1.4000000000000001,1.1314021114911006
2025-06-16,Dinner,A,Vegetables,1.03,3.0,3.09,2025,6,16,Monday,25,167,2,False,False,False,False,False,June,Weekday,0.3433333333333333,0.708035793053696
2025-06-16,Lunch,D,Rice,0.59,2.0,1.18,2025,6,16,Monday,25,167,2,False,False,False,False,False,June,Weekday,0.295,0.46373401623214017
2025-06-16,Dinner,D,Vegetables,0.44,3.0,1.32,2025,6,16,Monday,25,167,2,False,False,False,False,False,June,Weekday,0.14666666666666667,0.36464311358790924
2025-06-17,Dinner,B,Soup,2.5,1.5,3.75,2025,6,17,Tuesday,25,168,2,False,False,False,False,False,June,Weekday,1.6666666666666667,1.252762968495368
2025-06-17,Breakfast,C,Meat,0.74,8.0,5.92,2025,6,17,Tuesday,25,168,2,False,False,False,False,False,June,Weekday,0.0925,0.5538851132264376
2025-06-17,Breakfast,A,Rice,1.12,2.0,2.24,2025,6,17,Tuesday,25,168,2,False,False,False,False,False,June,Weekday,0.56,0.7514160886839212
2025-06-17,Dinner,D,Rice,0.42,2.0,0.84,2025,6,17,Tuesday,25,168,2,False,False,False,False,False,June,Weekday,0.21,0.35065687161316933
2025-06-17,Breakfast,A,Soup,1.71,1.5,2.565,2025,6,17,Tuesday,25,168,2,False,False,False,False,False,June,Weekday,1.14,0.9969486348916095
2025-06-17,Lunch,A,Meat,1.69,8.0,13.52,2025,6,17,Tuesday,25,168,2,False,False,False,False,False,June,Weekday,0.21125,0.9895411936137477
2025-06-17,Breakfast,D,Rice,3.34,2.0,6.68,2025,6,17,Tuesday,25,168,2,False,False,False,False,False,June,Weekday,1.67,1.4678743481123135
2025-06-17,Breakfast,B,Vegetables,0.11,3.0,0.33,2025,6,17,Tuesday,25,168,2,False,False,False,False,False,June,Weekday,0.03666666666666667,0.10436001532424277
2025-06-17,Lunch,A,Rice,1.27,2.0,2.54,2025,6,17,Tuesday,25,168,2,False,False,False,False,False,June,Weekday,0.635,0.8197798314933114
2025-06-17,Breakfast,B,Soup,4.31,1.5,6.465,2025,6,17,Tuesday,25,168,2,False,False,False,True,False,June,Weekday,2.873333333333333,1.6695918352538475
2025-06-17,Dinner,C,Meat,0.46,8.0,3.68,2025,6,17,Tuesday,25,168,2,False,False,False,False,False,June,Weekday,0.0575,0.3784364357202451
2025-06-17,Lunch,B,Vegetables,3.75,3.0,11.25,2025,6,17,Tuesday,25,168,2,False,False,False,False,False,June,Weekday,1.25,1.55814461804655
2025-06-17,Breakfast,A,Meat,1.16,8.0,9.28,2025,6,17,Tuesday,25,168,2,False,False,False,False,False,June,Weekday,0.145,0.7701082216960736
2025-06-17,Dinner,D,Vegetables,3.2,3.0,9.600000000000001,2025,6,17,Tuesday,25,168,2,False,False,False,False,False,June,Weekday,1.0666666666666667,1.4350845252893227
2025-06-17,Lunch,C,Rice,3.91,2.0,7.82,2025,6,17,Tuesday,25,168,2,False,False,False,False,False,June,Weekday,1.955,1.5912739418064292
2025-06-17,Lunch,B,Soup,2.43,1.5,3.6450000000000005,2025,6,17,Tuesday,25,168,2,False,False,False,False,False,June,Weekday,1.62,1.2325602611778486
2025-06-17,Breakfast,D,Soup,3.97,1.5,5.955,2025,6,17,Tuesday,25,168,2,False,False,False,False,False,June,Weekday,2.646666666666667,1.6034198401085373
2025-06-17,Lunch,A,Vegetables,0.95,3.0,2.8499999999999996,2025,6,17,Tuesday,25,168,2,False,False,False,False,False,June,Weekday,0.31666666666666665,0.6678293725756554
2025-06-17,Lunch,C,Vegetables,0.63,3.0,1.8900000000000001,2025,6,17,Tuesday,25,168,2,False,False,False,False,False,June,Weekday,0.21,0.48858001481867097
2025-06-17,Lunch,B,Rice,3.73,2.0,7.46,2025,6,17,Tuesday,25,168,2,False,False,False,False,False,June,Weekday,1.865,1.5539252025038417
2025-06-17,Breakfast,B,Rice,0.82,2.0,1.64,2025,6,17,Tuesday,25,168,2,False,False,False,False,False,June,Weekday,0.41,0.598836501088704
2025-06-17,Dinner,B,Meat,2.07,8.0,16.56,2025,6,17,Tuesday,25,168,2,False,False,False,False,False,June,Weekday,0.25875,1.1216775615991057
2025-06-17,Lunch,C,Meat,2.61,8.0,20.88,2025,6,17,Tuesday,25,168,2,False,False,False,False,False,June,Weekday,0.32625,1.2837077723447896
2025-06-17,Breakfast,C,Soup,0.96,1.5,1.44,2025,6,17,Tuesday,25,168,2,False,False,False,False,False,June,Weekday,0.64,0.6729444732424258
2025-06-17,Dinner,C,Rice,4.56,2.0,9.12,2025,6,17,Tuesday,25,168,2,False,False,False,True,False,June,Weekday,2.28,1.715598108262491
2025-06-17,Dinner,B,Vegetables,3.46,3.0,10.379999999999999,2025,6,17,Tuesday,25,168,2,False,False,False,False,False,June,Weekday,1.1533333333333333,1.4951487660319727
2025-06-17,Lunch,A,Soup,0.36,1.5,0.54,2025,6,17,Tuesday,25,168,2,False,False,False,False,False,June,Weekday,0.24,0.3074846997479606
2025-06-17,Dinner,A,Soup,0.4,1.5,0.6000000000000001,2025,6,17,Tuesday,25,168,2,False,False,False,False,False,June,Weekday,0.26666666666666666,0.33647223662121295
2025-06-17,Lunch,D,Rice,4.73,2.0,9.46,2025,6,17,Tuesday,25,168,2,False,False,False,True,False,June,Weekday,2.365,1.7457155307266483
2025-06-17,Lunch,C,Soup,2.57,1.5,3.8549999999999995,2025,6,17,Tuesday,25,168,2,False,False,False,False,False,June,Weekday,1.7133333333333332,1.2725655957915476
2025-06-17,Breakfast,D,Meat,0.23,8.0,1.84,2025,6,17,Tuesday,25,168,2,False,False,False,False,False,June,Weekday,0.02875,0.20701416938432615
2025-06-17,Breakfast,A,Vegetables,4.36,3.0,13.080000000000002,2025,6,17,Tuesday,25,168,2,False,False,False,True,False,June,Weekday,1.4533333333333334,1.6789639750827106
2025-06-17,Breakfast,C,Vegetables,1.33,3.0,3.99,2025,6,17,Tuesday,25,168,2,False,False,False,False,False,June,Weekday,0.44333333333333336,0.8458682675776092
2025-06-17,Dinner,B,Rice,2.45,2.0,4.9,2025,6,17,Tuesday,25,168,2,False,False,False,False,False,June,Weekday,1.225,1.2383742310432684
2025-06-17,Lunch,B,Meat,2.68,8.0,21.44,2025,6,17,Tuesday,25,168,2,False,False,False,False,False,June,Weekday,0.335,1.3029127521808397
2025-06-17,Dinner,D,Soup,2.79,1.5,4.1850000000000005,2025,6,17,Tuesday,25,168,2,False,False,False,False,False,June,Weekday,1.86,1.332366019094335
2025-06-17,Dinner,C,Soup,3.08,1.5,4.62,2025,6,17,Tuesday,25,168,2,False,False,False,False,False,June,Weekday,2.0533333333333332,1.4060969884160703
2025-06-17,Breakfast,C,Rice,0.81,2.0,1.62,2025,6,17,Tuesday,25,168,2,False,False,False,False,False,June,Weekday,0.405,0.5933268452777344
2025-06-17,Dinner,A,Meat,2.34,8.0,18.72,2025,6,17,Tuesday,25,168,2,False,False,False,False,False,June,Weekday,0.2925,1.205970806988609
2025-06-17,Breakfast,D,Vegetables,0.17,3.0,0.51,2025,6,17,Tuesday,25,168,2,False,False,False,False,False,June,Weekday,0.05666666666666667,0.15700374880966475
2025-06-17,Lunch,D,Vegetables,3.94,3.0,11.82,2025,6,17,Tuesday,25,168,2,False,False,False,False,False,June,Weekday,1.3133333333333332,1.597365331199831
2025-06-17,Dinner,A,Rice,2.66,2.0,5.32,2025,6,17,Tuesday,25,168,2,False,False,False,False,False,June,Weekday,1.33,1.297463147413275
2025-06-17,Dinner,D,Meat,1.45,8.0,11.6,2025,6,17,Tuesday,25,168,2,False,False,False,False,False,June,Weekday,0.18125,0.8960880245566356
2025-06-17,Lunch,D,Soup,4.35,1.5,6.5249999999999995,2025,6,17,Tuesday,25,168,2,False,False,False,True,False,June,Weekday,2.9,1.6770965609079151
2025-06-17,Dinner,A,Vegetables,4.82,3.0,14.46,2025,6,17,Tuesday,25,168,2,False,False,False,True,False,June,Weekday,1.6066666666666667,1.7613002617433464
2025-06-18,Breakfast,B,Rice,3.07,2.0,6.14,2025,6,18,Wednesday,25,169,2,False,False,False,False,False,June,Weekday,1.535,1.4036429994545037
2025-06-18,Breakfast,D,Soup,2.32,1.5,3.4799999999999995,2025,6,18,Wednesday,25,169,2,False,False,False,False,False,June,Weekday,1.5466666666666666,1.199964782928397
2025-06-18,Lunch,D,Rice,4.08,2.0,8.16,2025,6,18,Wednesday,25,169,2,False,False,False,True,False,June,Weekday,2.04,1.6253112615903906
2025-06-18,Lunch,A,Vegetables,2.19,3.0,6.57,2025,6,18,Wednesday,25,169,2,False,False,False,False,False,June,Weekday,0.73,1.1600209167967532
2025-06-18,Dinner,C,Meat,1.82,8.0,14.56,2025,6,18,Wednesday,25,169,2,False,False,False,False,False,June,Weekday,0.2275,1.0367368849500223
2025-06-18,Dinner,A,Vegetables,1.83,3.0,5.49,2025,6,18,Wednesday,25,169,2,False,False,False,False,False,June,Weekday,0.61,1.0402767116551463
2025-06-18,Dinner,B,Meat,4.35,8.0,34.8,2025,6,18,Wednesday,25,169,2,False,False,True,True,True,June,Weekday,0.54375,1.6770965609079151
2025-06-18,Lunch,A,Meat,0.57,8.0,4.56,2025,6,18,Wednesday,25,169,2,False,False,False,False,False,June,Weekday,0.07125,0.4510756193602167
2025-06-18,Dinner,D,Rice,3.32,2.0,6.64,2025,6,18,Wednesday,25,169,2,False,False,False,False,False,June,Weekday,1.66,1.463255402256019
2025-06-18,Dinner,A,Rice,1.72,2.0,3.44,2025,6,18,Wednesday,25,169,2,False,False,False,False,False,June,Weekday,0.86,1.000631880307906
2025-06-18,Breakfast,C,Soup,1.15,1.5,1.7249999999999999,2025,6,18,Wednesday,25,169,2,False,False,False,False,False,June,Weekday,0.7666666666666666,0.7654678421395714
2025-06-18,Dinner,B,Rice,3.78,2.0,7.56,2025,6,18,Wednesday,25,169,2,False,False,False,False,False,June,Weekday,1.89,1.5644405465033646
2025-06-18,Breakfast,A,Vegetables,2.7,3.0,8.100000000000001,2025,6,18,Wednesday,25,169,2,False,False,False,False,False,June,Weekday,0.9,1.308332819650179
2025-06-18,Lunch,A,Rice,2.14,2.0,4.28,2025,6,18,Wednesday,25,169,2,False,False,False,False,False,June,Weekday,1.07,1.144222799920162
2025-06-18,Lunch,D,Vegetables,2.97,3.0,8.91,2025,6,18,Wednesday,25,169,2,False,False,False,False,False,June,Weekday,0.9900000000000001,1.3787660946990992
2025-06-18,Breakfast,D,Rice,2.31,2.0,4.62,2025,6,18,Wednesday,25,169,2,False,False,False,False,False,June,Weekday,1.155,1.1969481893889715
2025-06-18,Lunch,B,Meat,0.85,8.0,6.8,2025,6,18,Wednesday,25,169,2,False,False,False,False,False,June,Weekday,0.10625,0.6151856390902335
2025-06-18,Dinner,A,Soup,3.36,1.5,5.04,2025,6,18,Wednesday,25,169,2,False,False,False,False,False,June,Weekday,2.2399999999999998,1.4724720573609429
2025-06-18,Breakfast,B,Soup,4.28,1.5,6.42,2025,6,18,Wednesday,25,169,2,False,False,False,True,False,June,Weekday,2.8533333333333335,1.66392609771817
2025-06-18,Lunch,A,Soup,3.36,1.5,5.04,2025,6,18,Wednesday,25,169,2,False,False,False,False,False,June,Weekday,2.2399999999999998,1.4724720573609429
2025-06-18,Dinner,D,Meat,1.2,8.0,9.6,2025,6,18,Wednesday,25,169,2,False,False,False,False,False,June,Weekday,0.15,0.7884573603642702
2025-06-18,Lunch,B,Soup,0.43,1.5,0.645,2025,6,18,Wednesday,25,169,2,False,False,False,False,False,June,Weekday,0.2866666666666667,0.3576744442718159
2025-06-18,Lunch,C,Soup,3.72,1.5,5.58,2025,6,18,Wednesday,25,169,2,False,False,False,False,False,June,Weekday,2.48,1.551808799597464
2025-06-18,Dinner,C,Rice,3.04,2.0,6.08,2025,6,18,Wednesday,25,169,2,False,False,False,False,False,June,Weekday,1.52,1.3962446919730587
2025-06-18,Breakfast,C,Meat,3.87,8.0,30.96,2025,6,18,Wednesday,25,169,2,False,False,True,False,True,June,Weekday,0.48375,1.5830939370944985
2025-06-18,Lunch,B,Vegetables,4.62,3.0,13.86,2025,6,18,Wednesday,25,169,2,False,False,False,True,False,June,Weekday,1.54,1.7263316639055997
2025-06-18,Breakfast,B,Vegetables,3.54,3.0,10.620000000000001,2025,6,18,Wednesday,25,169,2,False,False,False,False,False,June,Weekday,1.18,1.5129270120532565
2025-06-18,Breakfast,A,Soup,2.32,1.5,3.4799999999999995,2025,6,18,Wednesday,25,169,2,False,False,False,False,False,June,Weekday,1.5466666666666666,1.199964782928397
2025-06-18,Lunch,C,Rice,4.18,2.0,8.36,2025,6,18,Wednesday,25,169,2,False,False,False,True,False,June,Weekday,2.09,1.6448050562713916
2025-06-18,Dinner,D,Soup,4.24,1.5,6.36,2025,6,18,Wednesday,25,169,2,False,False,False,True,False,June,Weekday,2.8266666666666667,1.6563214983329508
2025-06-18,Breakfast,B,Meat,0.59,8.0,4.72,2025,6,18,Wednesday,25,169,2,False,False,False,False,False,June,Weekday,0.07375,0.46373401623214017
2025-06-18,Breakfast,C,Rice,3.29,2.0,6.58,2025,6,18,Wednesday,25,169,2,False,False,False,False,False,June,Weekday,1.645,1.4562867329399256
2025-06-18,Breakfast,A,Rice,1.69,2.0,3.38,2025,6,18,Wednesday,25,169,2,False,False,False,False,False,June,Weekday,0.845,0.9895411936137477
2025-06-18,Lunch,D,Meat,2.83,8.0,22.64,2025,6,18,Wednesday,25,169,2,False,False,True,False,False,June,Weekday,0.35375,1.3428648031925547
2025-06-18,Breakfast,D,Meat,1.22,8.0,9.76,2025,6,18,Wednesday,25,169,2,False,False,False,False,False,June,Weekday,0.1525,0.7975071958841881
2025-06-18,Breakfast,D,Vegetables,1.76,3.0,5.28,2025,6,18,Wednesday,25,169,2,False,False,False,False,False,June,Weekday,0.5866666666666667,1.0152306797290587
2025-06-18,Lunch,C,Meat,0.56,8.0,4.48,2025,6,18,Wednesday,25,169,2,False,False,False,False,False,June,Weekday,0.07,0.44468582126144574
2025-06-18,Dinner,B,Vegetables,3.63,3.0,10.89,2025,6,18,Wednesday,25,169,2,False,False,False,False,False,June,Weekday,1.21,1.5325568680981427
2025-06-18,Lunch,B,Rice,1.93,2.0,3.86,2025,6,18,Wednesday,25,169,2,False,False,False,False,False,June,Weekday,0.965,1.0750024230289759
2025-06-18,Dinner,B,Soup,4.85,1.5,7.2749999999999995,2025,6,18,Wednesday,25,169,2,False,False,False,True,False,June,Weekday,3.233333333333333,1.766441661243765
2025-06-18,Dinner,A,Meat,0.7,8.0,5.6,2025,6,18,Wednesday,25,169,2,False,False,False,False,False,June,Weekday,0.0875,0.5306282510621704
2025-06-18,Lunch,C,Vegetables,0.57,3.0,1.71,2025,6,18,Wednesday,25,169,2,False,False,False,False,False,June,Weekday,0.18999999999999997,0.4510756193602167
2025-06-18,Lunch,D,Soup,2.85,1.5,4.275,2025,6,18,Wednesday,25,169,2,False,False,False,False,False,June,Weekday,1.9000000000000001,1.3480731482996928
2025-06-18,Dinner,D,Vegetables,0.63,3.0,1.8900000000000001,2025,6,18,Wednesday,25,169,2,False,False,False,False,False,June,Weekday,0.21,0.48858001481867097
2025-06-18,Breakfast,C,Vegetables,3.63,3.0,10.89,2025,6,18,Wednesday,25,169,2,False,False,False,False,False,June,Weekday,1.21,1.5325568680981427
2025-06-19,Lunch,D,Soup,2.88,1.5,4.32,2025,6,19,Thursday,25,170,2,False,False,False,False,False,June,Weekday,1.92,1.355835153635182
2025-06-19,Breakfast,A,Soup,4.06,1.5,6.09,2025,6,19,Thursday,25,170,2,False,False,False,True,False,June,Weekday,2.7066666666666666,1.6213664832993742
2025-06-19,Lunch,B,Rice,2.06,2.0,4.12,2025,6,19,Thursday,25,170,2,False,False,False,False,False,June,Weekday,1.03,1.1184149159642893
2025-06-19,Lunch,D,Meat,3.64,8.0,29.12,2025,6,19,Thursday,25,170,2,False,False,True,False,False,June,Weekday,0.455,1.534714366238164
2025-06-19,Lunch,C,Soup,1.77,1.5,2.6550000000000002,2025,6,19,Thursday,25,170,2,False,False,False,False,False,June,Weekday,1.18,1.0188473201992472
2025-06-19,Breakfast,A,Meat,3.84,8.0,30.72,2025,6,19,Thursday,25,170,2,False,False,True,False,True,June,Weekday,0.48,1.5769147207285403
2025-06-19,Lunch,D,Vegetables,3.91,3.0,11.73,2025,6,19,Thursday,25,170,2,False,False,False,False,False,June,Weekday,1.3033333333333335,1.5912739418064292
2025-06-19,Lunch,B,Meat,0.8,8.0,6.4,2025,6,19,Thursday,25,170,2,False,False,False,False,False,June,Weekday,0.1,0.5877866649021191
2025-06-19,Dinner,D,Vegetables,3.42,3.0,10.26,2025,6,19,Thursday,25,170,2,False,False,False,False,False,June,Weekday,1.14,1.4861396960896067
2025-06-19,Lunch,B,Soup,0.25,1.5,0.375,2025,6,19,Thursday,25,170,2,False,False,False,False,False,June,Weekday,0.16666666666666666,0.22314355131420976
2025-06-19,Dinner,B,Vegetables,3.34,3.0,10.02,2025,6,19,Thursday,25,170,2,False,False,False,False,False,June,Weekday,1.1133333333333333,1.4678743481123135
2025-06-19,Breakfast,B,Meat,4.88,8.0,39.04,2025,6,19,Thursday,25,170,2,False,False,True,True,True,June,Weekday,0.61,1.7715567619105355
2025-06-19,Dinner,A,Rice,0.52,2.0,1.04,2025,6,19,Thursday,25,170,2,False,False,False,False,False,June,Weekday,0.26,0.41871033485818504
2025-06-19,Breakfast,B,Rice,4.24,2.0,8.48,2025,6,19,Thursday,25,170,2,False,False,False,True,False,June,Weekday,2.12,1.6563214983329508
2025-06-19,Lunch,C,Rice,3.76,2.0,7.52,2025,6,19,Thursday,25,170,2,False,False,False,False,False,June,Weekday,1.88,1.5602476682433286
2025-06-19,Breakfast,A,Rice,1.9,2.0,3.8,2025,6,19,Thursday,25,170,2,False,False,False,False,False,June,Weekday,0.95,1.0647107369924282
2025-06-19,Dinner,B,Rice,3.4,2.0,6.8,2025,6,19,Thursday,25,170,2,False,False,False,False,False,June,Weekday,1.7,1.4816045409242156
2025-06-19,Dinner,D,Soup,2.48,1.5,3.7199999999999998,2025,6,19,Thursday,25,170,2,False,False,False,False,False,June,Weekday,1.6533333333333333,1.247032293786383
2025-06-19,Breakfast,A,Vegetables,2.91,3.0,8.73,2025,6,19,Thursday,25,170,2,False,False,False,False,False,June,Weekday,0.9700000000000001,1.3635373739972745
2025-06-19,Dinner,C,Rice,2.27,2.0,4.54,2025,6,19,Thursday,25,170,2,False,False,False,False,False,June,Weekday,1.135,1.184789984909162
2025-06-19,Breakfast,C,Vegetables,4.65,3.0,13.950000000000001,2025,6,19,Thursday,25,170,2,False,False,False,True,False,June,Weekday,1.55,1.7316555451583495
2025-06-19,Dinner,C,Soup,0.66,1.5,0.99,2025,6,19,Thursday,25,170,2,False,False,False,False,False,June,Weekday,0.44,0.5068176023684519
2025-06-19,Dinner,B,Soup,2.48,1.5,3.7199999999999998,2025,6,19,Thursday,25,170,2,False,False,False,False,False,June,Weekday,1.6533333333333333,1.247032293786383
2025-06-19,Dinner,A,Soup,3.13,1.5,4.695,2025,6,19,Thursday,25,170,2,False,False,False,False,False,June,Weekday,2.0866666666666664,1.4182774069729414
2025-06-19,Lunch,C,Meat,1.15,8.0,9.2,2025,6,19,Thursday,25,170,2,False,False,False,False,False,June,Weekday,0.14375,0.7654678421395714
2025-06-19,Lunch,C,Vegetables,2.16,3.0,6.48,2025,6,19,Thursday,25,170,2,False,False,False,False,False,June,Weekday,0.7200000000000001,1.1505720275988207
2025-06-19,Breakfast,B,Vegetables,4.11,3.0,12.330000000000002,2025,6,19,Thursday,25,170,2,False,False,False,True,False,June,Weekday,1.37,1.631199404215613
2025-06-19,Lunch,A,Vegetables,4.36,3.0,13.080000000000002,2025,6,19,Thursday,25,170,2,False,False,False,True,False,June,Weekday,1.4533333333333334,1.6789639750827106
2025-06-19,Dinner,C,Vegetables,3.8,3.0,11.399999999999999,2025,6,19,Thursday,25,170,2,False,False,False,False,False,June,Weekday,1.2666666666666666,1.5686159179138452
2025-06-19,Dinner,B,Meat,1.43,8.0,11.44,2025,6,19,Thursday,25,170,2,False,False,False,False,False,June,Weekday,0.17875,0.8878912573524571
2025-06-19,Breakfast,D,Soup,1.61,1.5,2.415,2025,6,19,Thursday,25,170,2,False,False,False,False,False,June,Weekday,1.0733333333333335,0.9593502213346021
2025-06-19,Lunch,A,Meat,0.13,8.0,1.04,2025,6,19,Thursday,25,170,2,False,False,False,False,False,June,Weekday,0.01625,0.12221763272424921
2025-06-19,Lunch,B,Vegetables,3.2,3.0,9.600000000000001,2025,6,19,Thursday,25,170,2,False,False,False,False,False,June,Weekday,1.0666666666666667,1.4350845252893227
2025-06-19,Dinner,D,Meat,1.49,8.0,11.92,2025,6,19,Thursday,25,170,2,False,False,False,False,False,June,Weekday,0.18625,0.9122827104766162
2025-06-19,Dinner,A,Meat,0.36,8.0,2.88,2025,6,19,Thursday,25,170,2,False,False,False,False,False,June,Weekday,0.045,0.3074846997479606
2025-06-19,Dinner,D,Rice,2.21,2.0,4.42,2025,6,19,Thursday,25,170,2,False,False,False,False,False,June,Weekday,1.105,1.1662709371419244
2025-06-19,Lunch,D,Rice,1.91,2.0,3.82,2025,6,19,Thursday,25,170,2,False,False,False,False,False,June,Weekday,0.955,1.068153081183401
2025-06-19,Dinner,C,Meat,1.44,8.0,11.52,2025,6,19,Thursday,25,170,2,False,False,False,False,False,June,Weekday,0.18,0.8919980393051105
2025-06-19,Breakfast,D,Rice,1.41,2.0,2.82,2025,6,19,Thursday,25,170,2,False,False,False,False,False,June,Weekday,0.705,0.8796267475025636
2025-06-19,Breakfast,D,Vegetables,3.54,3.0,10.620000000000001,2025,6,19,Thursday,25,170,2,False,False,False,False,False,June,Weekday,1.18,1.5129270120532565
2025-06-19,Breakfast,C,Soup,4.16,1.5,6.24,2025,6,19,Thursday,25,170,2,False,False,False,True,False,June,Weekday,2.7733333333333334,1.6409365794934714
2025-06-19,Breakfast,C,Meat,0.23,8.0,1.84,2025,6,19,Thursday,25,170,2,False,False,False,False,False,June,Weekday,0.02875,0.20701416938432615
2025-06-20,Breakfast,D,Meat,1.96,8.0,15.68,2025,6,20,Friday,25,171,2,False,False,False,False,False,June,Weekday,0.245,1.085189268335969
2025-06-20,Dinner,B,Rice,4.24,2.0,8.48,2025,6,20,Friday,25,171,2,False,False,False,True,False,June,Weekday,2.12,1.6563214983329508
2025-06-20,Breakfast,D,Vegetables,3.55,3.0,10.649999999999999,2025,6,20,Friday,25,171,2,False,False,False,False,False,June,Weekday,1.1833333333333333,1.515127232962859
2025-06-20,Lunch,D,Meat,0.2,8.0,1.6,2025,6,20,Friday,25,171,2,False,False,False,False,False,June,Weekday,0.025,0.18232155679395462
2025-06-20,Dinner,B,Vegetables,2.99,3.0,8.97,2025,6,20,Friday,25,171,2,False,False,False,False,False,June,Weekday,0.9966666666666667,1.3837912309017721
2025-06-20,Breakfast,B,Soup,0.77,1.5,1.155,2025,6,20,Friday,25,171,2,False,False,False,False,False,June,Weekday,0.5133333333333333,0.5709795465857378
2025-06-20,Breakfast,B,Rice,0.14,2.0,0.28,2025,6,20,Friday,25,171,2,False,False,False,False,False,June,Weekday,0.07,0.1310282624064041
2025-06-20,Lunch,C,Meat,2.91,8.0,23.28,2025,6,20,Friday,25,171,2,False,False,True,False,False,June,Weekday,0.36375,1.3635373739972745
2025-06-20,Lunch,D,Vegetables,1.69,3.0,5.07,2025,6,20,Friday,25,171,2,False,False,False,False,False,June,Weekday,0.5633333333333334,0.9895411936137477
2025-06-20,Breakfast,C,Vegetables,0.14,3.0,0.42000000000000004,2025,6,20,Friday,25,171,2,False,False,False,False,False,June,Weekday,0.04666666666666667,0.1310282624064041
2025-06-20,Lunch,D,Rice,0.66,2.0,1.32,2025,6,20,Friday,25,171,2,False,False,False,False,False,June,Weekday,0.33,0.5068176023684519
2025-06-20,Lunch,A,Vegetables,0.45,3.0,1.35,2025,6,20,Friday,25,171,2,False,False,False,False,False,June,Weekday,0.15,0.37156355643248307
2025-06-20,Lunch,A,Meat,4.05,8.0,32.4,2025,6,20,Friday,25,171,2,False,False,True,True,True,June,Weekday,0.50625,1.6193882432872684
2025-06-20,Breakfast,A,Meat,0.32,8.0,2.56,2025,6,20,Friday,25,171,2,False,False,False,False,False,June,Weekday,0.04,0.2776317365982795
2025-06-20,Dinner,C,Rice,2.04,2.0,4.08,2025,6,20,Friday,25,171,2,False,False,False,False,False,June,Weekday,1.02,1.1118575154181303
2025-06-20,Lunch,A,Soup,4.32,1.5,6.48,2025,6,20,Friday,25,171,2,False,False,False,True,False,June,Weekday,2.8800000000000003,1.6714733033535532
2025-06-20,Dinner,B,Soup,2.67,1.5,4.005,2025,6,20,Friday,25,171,2,False,False,False,False,False,June,Weekday,1.78,1.3001916620664788
2025-06-20,Lunch,C,Rice,2.92,2.0,5.84,2025,6,20,Friday,25,171,2,False,False,False,False,False,June,Weekday,1.46,1.366091653802371
2025-06-20,Breakfast,A,Vegetables,2.04,3.0,6.12,2025,6,20,Friday,25,171,2,False,False,False,False,False,June,Weekday,0.68,1.1118575154181303
2025-06-20,Dinner,A,Rice,3.13,2.0,6.26,2025,6,20,Friday,25,171,2,False,False,False,False,False,June,Weekday,1.565,1.4182774069729414
2025-06-20,Lunch,B,Vegetables,4.61,3.0,13.830000000000002,2025,6,20,Friday,25,171,2,False,False,False,True,False,June,Weekday,1.5366666666666668,1.724550719534605
2025-06-20,Breakfast,D,Soup,2.55,1.5,3.8249999999999997,2025,6,20,Friday,25,171,2,False,False,False,False,False,June,Weekday,1.7,1.2669476034873244
2025-06-20,Dinner,A,Meat,4.18,8.0,33.44,2025,6,20,Friday,25,171,2,False,False,True,True,True,June,Weekday,0.5225,1.6448050562713916
2025-06-20,Lunch,B,Meat,0.19,8.0,1.52,2025,6,20,Friday,25,171,2,False,False,False,False,False,June,Weekday,0.02375,0.173953307123438
2025-06-20,Dinner,C,Soup,1.73,1.5,2.5949999999999998,2025,6,20,Friday,25,171,2,False,False,False,False,False,June,Weekday,1.1533333333333333,1.0043016091968684
2025-06-20,Breakfast,A,Soup,3.04,1.5,4.5600000000000005,2025,6,20,Friday,25,171,2,False,False,False,False,False,June,Weekday,2.026666666666667,1.3962446919730587
2025-06-20,Breakfast,C,Rice,1.35,2.0,2.7,2025,6,20,Friday,25,171,2,False,False,False,False,False,June,Weekday,0.675,0.8544153281560676
2025-06-20,Breakfast,C,Soup,3.76,1.5,5.64,2025,6,20,Friday,25,171,2,False,False,False,False,False,June,Weekday,2.5066666666666664,1.5602476682433286
2025-06-20,Lunch,A,Rice,4.18,2.0,8.36,2025,6,20,Friday,25,171,2,False,False,False,True,False,June,Weekday,2.09,1.6448050562713916
2025-06-20,Breakfast,B,Meat,1.58,8.0,12.64,2025,6,20,Friday,25,171,2,False,False,False,False,False,June,Weekday,0.1975,0.9477893989335261
2025-06-20,Breakfast,B,Vegetables,1.14,3.0,3.42,2025,6,20,Friday,25,171,2,False,False,False,False,False,June,Weekday,0.37999999999999995,0.76080582903376
2025-06-20,Breakfast,A,Rice,3.37,2.0,6.74,2025,6,20,Friday,25,171,2,False,False,False,False,False,June,Weekday,1.685,1.4747630091074988
2025-06-20,Breakfast,D,Rice,0.96,2.0,1.92,2025,6,20,Friday,25,171,2,False,False,False,False,False,June,Weekday,0.48,0.6729444732424258
2025-06-20,Lunch,C,Vegetables,3.58,3.0,10.74,2025,6,20,Friday,25,171,2,False,False,False,False,False,June,Weekday,1.1933333333333334,1.5216989981260935
2025-06-20,Dinner,D,Soup,2.6,1.5,3.9000000000000004,2025,6,20,Friday,25,171,2,False,False,False,False,False,June,Weekday,1.7333333333333334,1.2809338454620645
2025-06-20,Breakfast,C,Meat,1.71,8.0,13.68,2025,6,20,Friday,25,171,2,False,False,False,False,False,June,Weekday,0.21375,0.9969486348916095
2025-06-20,Dinner,D,Rice,0.92,2.0,1.84,2025,6,20,Friday,25,171,2,False,False,False,False,False,June,Weekday,0.46,0.6523251860396903
2025-06-20,Dinner,D,Meat,2.6,8.0,20.8,2025,6,20,Friday,25,171,2,False,False,False,False,False,June,Weekday,0.325,1.2809338454620645
2025-06-20,Dinner,C,Meat,1.62,8.0,12.96,2025,6,20,Friday,25,171,2,False,False,False,False,False,June,Weekday,0.2025,0.9631743177730056
2025-06-20,Lunch,D,Soup,4.03,1.5,6.045,2025,6,20,Friday,25,171,2,False,False,False,True,False,June,Weekday,2.686666666666667,1.6154199841116479
2025-06-20,Dinner,D,Vegetables,0.66,3.0,1.98,2025,6,20,Friday,25,171,2,False,False,False,False,False,June,Weekday,0.22,0.5068176023684519
2025-06-20,Dinner,A,Soup,0.53,1.5,0.795,2025,6,20,Friday,25,171,2,False,False,False,False,False,June,Weekday,0.35333333333333333,0.4252677354043441
2025-06-21,Breakfast,B,Rice,4.09,2.0,8.18,2025,6,21,Saturday,25,172,2,True,False,False,True,False,June,Weekend,2.045,1.6272778305624314
2025-06-21,Breakfast,C,Meat,3.83,8.0,30.64,2025,6,21,Saturday,25,172,2,True,False,True,False,True,June,Weekend,0.47875,1.5748464676644813
2025-06-21,Dinner,C,Meat,3.98,8.0,31.84,2025,6,21,Saturday,25,172,2,True,False,True,False,True,June,Weekend,0.4975,1.6054298910365616
2025-06-21,Lunch,D,Soup,2.31,1.5,3.465,2025,6,21,Saturday,25,172,2,True,False,False,False,False,June,Weekend,1.54,1.1969481893889715
2025-06-21,Lunch,C,Soup,1.45,1.5,2.175,2025,6,21,Saturday,25,172,2,True,False,False,False,False,June,Weekend,0.9666666666666667,0.8960880245566356
2025-06-21,Dinner,D,Rice,4.07,2.0,8.14,2025,6,21,Saturday,25,172,2,True,False,False,True,False,June,Weekend,2.035,1.623340817603092
2025-06-21,Breakfast,B,Meat,1.26,8.0,10.08,2025,6,21,Saturday,25,172,2,True,False,False,False,False,June,Weekend,0.1575,0.8153648132841945
2025-06-21,Dinner,B,Rice,4.29,2.0,8.58,2025,6,21,Saturday,25,172,2,True,False,False,True,False,June,Weekend,2.145,1.665818245870208
2025-06-21,Lunch,D,Vegetables,1.62,3.0,4.86,2025,6,21,Saturday,25,172,2,True,False,False,False,False,June,Weekend,0.54,0.9631743177730056
2025-06-21,Breakfast,B,Vegetables,0.82,3.0,2.46,2025,6,21,Saturday,25,172,2,True,False,False,False,False,June,Weekend,0.2733333333333333,0.598836501088704
2025-06-21,Lunch,B,Rice,3.16,2.0,6.32,2025,6,21,Saturday,25,172,2,True,False,False,False,False,June,Weekend,1.58,1.425515074273172
2025-06-21,Lunch,C,Rice,0.43,2.0,0.86,2025,6,21,Saturday,25,172,2,True,False,False,False,False,June,Weekend,0.215,0.3576744442718159
2025-06-21,Lunch,B,Soup,0.84,1.5,1.26,2025,6,21,Saturday,25,172,2,True,False,False,False,False,June,Weekend,0.5599999999999999,0.6097655716208943
2025-06-21,Dinner,D,Vegetables,1.68,3.0,5.04,2025,6,21,Saturday,25,172,2,True,False,False,False,False,June,Weekend,0.5599999999999999,0.9858167945227653
2025-06-21,Dinner,A,Meat,4.18,8.0,33.44,2025,6,21,Saturday,25,172,2,True,False,True,True,True,June,Weekend,0.5225,1.6448050562713916
2025-06-21,Lunch,A,Vegetables,2.87,3.0,8.61,2025,6,21,Saturday,25,172,2,True,False,False,False,False,June,Weekend,0.9566666666666667,1.3532545070416904
2025-06-21,Dinner,B,Meat,3.11,8.0,24.88,2025,6,21,Saturday,25,172,2,True,False,True,False,False,June,Weekend,0.38875,1.4134230285081433
2025-06-21,Lunch,C,Meat,2.27,8.0,18.16,2025,6,21,Saturday,25,172,2,True,False,False,False,False,June,Weekend,0.28375,1.184789984909162
2025-06-21,Breakfast,D,Meat,2.52,8.0,20.16,2025,6,21,Saturday,25,172,2,True,False,False,False,False,June,Weekend,0.315,1.2584609896100059
2025-06-21,Breakfast,D,Vegetables,3.8,3.0,11.399999999999999,2025,6,21,Saturday,25,172,2,True,False,False,False,False,June,Weekend,1.2666666666666666,1.5686159179138452
2025-06-21,Dinner,D,Meat,3.29,8.0,26.32,2025,6,21,Saturday,25,172,2,True,False,True,False,False,June,Weekend,0.41125,1.4562867329399256
2025-06-21,Breakfast,C,Soup,0.97,1.5,1.455,2025,6,21,Saturday,25,172,2,True,False,False,False,False,June,Weekend,0.6466666666666666,0.6780335427498971
2025-06-21,Dinner,C,Rice,2.82,2.0,5.64,2025,6,21,Saturday,25,172,2,True,False,False,False,False,June,Weekend,1.41,1.3402504226184837
2025-06-21,Lunch,A,Soup,3.21,1.5,4.8149999999999995,2025,6,21,Saturday,25,172,2,True,False,False,False,False,June,Weekend,2.14,1.43746264769429
2025-06-21,Breakfast,D,Soup,3.82,1.5,5.7299999999999995,2025,6,21,Saturday,25,172,2,True,False,False,False,False,June,Weekend,2.5466666666666664,1.5727739280625088
2025-06-21,Lunch,A,Rice,2.3,2.0,4.6,2025,6,21,Saturday,25,172,2,True,False,False,False,False,June,Weekend,1.15,1.1939224684724346
2025-06-21,Breakfast,A,Vegetables,3.66,3.0,10.98,2025,6,21,Saturday,25,172,2,True,False,False,False,False,June,Weekend,1.22,1.5390154481375546
2025-06-21,Lunch,D,Rice,0.38,2.0,0.76,2025,6,21,Saturday,25,172,2,True,False,False,False,False,June,Weekend,0.19,0.32208349916911333
2025-06-21,Dinner,A,Vegetables,0.48,3.0,1.44,2025,6,21,Saturday,25,172,2,True,False,False,False,False,June,Weekend,0.16,0.3920420877760237
2025-06-21,Dinner,C,Vegetables,4.49,3.0,13.47,2025,6,21,Saturday,25,172,2,True,False,False,True,False,June,Weekend,1.4966666666666668,1.7029282555214393
2025-06-21,Dinner,A,Soup,4.33,1.5,6.495,2025,6,21,Saturday,25,172,2,True,False,False,True,False,June,Weekend,2.8866666666666667,1.6733512381777533
2025-06-21,Dinner,D,Soup,2.43,1.5,3.6450000000000005,2025,6,21,Saturday,25,172,2,True,False,False,False,False,June,Weekend,1.62,1.2325602611778486
2025-06-21,Lunch,B,Meat,4.33,8.0,34.64,2025,6,21,Saturday,25,172,2,True,False,True,True,True,June,Weekend,0.54125,1.6733512381777533
2025-06-21,Breakfast,A,Soup,4.11,1.5,6.165000000000001,2025,6,21,Saturday,25,172,2,True,False,False,True,False,June,Weekend,2.74,1.631199404215613
2025-06-21,Breakfast,A,Meat,1.81,8.0,14.48,2025,6,21,Saturday,25,172,2,True,False,False,False,False,June,Weekend,0.22625,1.0331844833456545
2025-06-21,Breakfast,B,Soup,1.07,1.5,1.605,2025,6,21,Saturday,25,172,2,True,False,False,False,False,June,Weekend,0.7133333333333334,0.7275486072772778
2025-06-21,Dinner,A,Rice,0.38,2.0,0.76,2025,6,21,Saturday,25,172,2,True,False,False,False,False,June,Weekend,0.19,0.32208349916911333
2025-06-21,Dinner,B,Soup,2.37,1.5,3.555,2025,6,21,Saturday,25,172,2,True,False,False,False,False,June,Weekend,1.58,1.2149127443642704
2025-06-21,Lunch,C,Vegetables,1.58,3.0,4.74,2025,6,21,Saturday,25,172,2,True,False,False,False,False,June,Weekend,0.5266666666666667,0.9477893989335261
2025-06-21,Dinner,B,Vegetables,2.58,3.0,7.74,2025,6,21,Saturday,25,172,2,True,False,False,False,False,June,Weekend,0.86,1.275362800412609
2025-06-21,Dinner,C,Soup,2.3,1.5,3.4499999999999997,2025,6,21,Saturday,25,172,2,True,False,False,False,False,June,Weekend,1.5333333333333332,1.1939224684724346
2025-06-21,Lunch,D,Meat,2.59,8.0,20.72,2025,6,21,Saturday,25,172,2,True,False,False,False,False,June,Weekend,0.32375,1.2781522025001875
2025-06-21,Breakfast,A,Rice,4.54,2.0,9.08,2025,6,21,Saturday,25,172,2,True,False,False,True,False,June,Weekend,2.27,1.7119945007591926
2025-06-21,Lunch,A,Meat,4.63,8.0,37.04,2025,6,21,Saturday,25,172,2,True,False,True,True,True,June,Weekend,0.57875,1.728109442151599
2025-06-21,Breakfast,C,Vegetables,3.31,3.0,9.93,2025,6,21,Saturday,25,172,2,True,False,False,False,False,June,Weekend,1.1033333333333333,1.4609379041156565
2025-06-22,Dinner,B,Rice,4.7,2.0,9.4,2025,6,22,Sunday,25,173,2,True,False,False,True,False,June,Weekend,2.35,1.7404661748405044
2025-06-22,Dinner,B,Vegetables,1.95,3.0,5.85,2025,6,22,Sunday,25,173,2,True,False,False,False,False,June,Weekend,0.65,1.0818051703517284
2025-06-22,Breakfast,A,Soup,4.51,1.5,6.765,2025,6,22,Sunday,25,173,2,True,False,False,True,False,June,Weekend,3.0066666666666664,1.706564623164823
2025-06-22,Breakfast,C,Rice,1.31,2.0,2.62,2025,6,22,Sunday,25,173,2,True,False,False,False,False,June,Weekend,0.655,0.8372475245337022
2025-06-22,Lunch,C,Rice,3.65,2.0,7.3,2025,6,22,Sunday,25,173,2,True,False,False,False,False,June,Weekend,1.825,1.536867219599265
2025-06-22,Lunch,B,Soup,1.49,1.5,2.235,2025,6,22,Sunday,25,173,2,True,False,False,False,False,June,Weekend,0.9933333333333333,0.9122827104766162
2025-06-22,Dinner,A,Meat,3.52,8.0,28.16,2025,6,22,Sunday,25,173,2,True,False,True,False,False,June,Weekend,0.44,1.5085119938441398
2025-06-22,Breakfast,B,Rice,1.78,2.0,3.56,2025,6,22,Sunday,25,173,2,True,False,False,False,False,June,Weekend,0.89,1.0224509277025458
2025-06-22,Lunch,B,Vegetables,3.42,3.0,10.26,2025,6,22,Sunday,25,173,2,True,False,False,False,False,June,Weekend,1.14,1.4861396960896067
2025-06-22,Lunch,D,Vegetables,0.79,3.0,2.37,2025,6,22,Sunday,25,173,2,True,False,False,False,False,June,Weekend,0.26333333333333336,0.5822156198526637
2025-06-22,Dinner,D,Soup,2.17,1.5,3.255,2025,6,22,Sunday,25,173,2,True,False,False,False,False,June,Weekend,1.4466666666666665,1.1537315878891892
2025-06-22,Breakfast,C,Soup,2.66,1.5,3.99,2025,6,22,Sunday,25,173,2,True,False,False,False,False,June,Weekend,1.7733333333333334,1.297463147413275
2025-06-22,Lunch,A,Rice,1.76,2.0,3.52,2025,6,22,Sunday,25,173,2,True,False,False,False,False,June,Weekend,0.88,1.0152306797290587
2025-06-22,Lunch,C,Meat,3.32,8.0,26.56,2025,6,22,Sunday,25,173,2,True,False,True,False,False,June,Weekend,0.415,1.463255402256019
2025-06-22,Lunch,B,Rice,0.42,2.0,0.84,2025,6,22,Sunday,25,173,2,True,False,False,False,False,June,Weekend,0.21,0.35065687161316933
2025-06-22,Lunch,A,Meat,3.03,8.0,24.24,2025,6,22,Sunday,25,173,2,True,False,True,False,False,June,Weekend,0.37875,1.3937663759585917
2025-06-22,Lunch,D,Soup,1.81,1.5,2.715,2025,6,22,Sunday,25,173,2,True,False,False,False,False,June,Weekend,1.2066666666666668,1.0331844833456545
2025-06-22,Breakfast,D,Soup,2.1,1.5,3.1500000000000004,2025,6,22,Sunday,25,173,2,True,False,False,False,False,June,Weekend,1.4000000000000001,1.1314021114911006
2025-06-22,Breakfast,A,Meat,0.4,8.0,3.2,2025,6,22,Sunday,25,173,2,True,False,False,False,False,June,Weekend,0.05,0.33647223662121295
2025-06-22,Lunch,B,Meat,0.56,8.0,4.48,2025,6,22,Sunday,25,173,2,True,False,False,False,False,June,Weekend,0.07,0.44468582126144574
2025-06-22,Breakfast,D,Vegetables,1.49,3.0,4.47,2025,6,22,Sunday,25,173,2,True,False,False,False,False,June,Weekend,0.49666666666666665,0.9122827104766162
2025-06-22,Breakfast,A,Vegetables,0.61,3.0,1.83,2025,6,22,Sunday,25,173,2,True,False,False,False,False,June,Weekend,0.20333333333333334,0.4762341789963716
2025-06-22,Dinner,C,Rice,4.08,2.0,8.16,2025,6,22,Sunday,25,173,2,True,False,False,True,False,June,Weekend,2.04,1.6253112615903906
2025-06-22,Lunch,C,Soup,4.38,1.5,6.57,2025,6,22,Sunday,25,173,2,True,False,False,True,False,June,Weekend,2.92,1.682688374173693
2025-06-22,Breakfast,B,Meat,3.6,8.0,28.8,2025,6,22,Sunday,25,173,2,True,False,True,False,False,June,Weekend,0.45,1.5260563034950494
2025-06-22,Dinner,C,Vegetables,4.16,3.0,12.48,2025,6,22,Sunday,25,173,2,True,False,False,True,False,June,Weekend,1.3866666666666667,1.6409365794934714
2025-06-22,Lunch,C,Vegetables,4.54,3.0,13.620000000000001,2025,6,22,Sunday,25,173,2,True,False,False,True,False,June,Weekend,1.5133333333333334,1.7119945007591926
2025-06-22,Breakfast,C,Meat,2.25,8.0,18.0,2025,6,22,Sunday,25,173,2,True,False,False,False,False,June,Weekend,0.28125,1.1786549963416462
2025-06-22,Dinner,A,Rice,4.84,2.0,9.68,2025,6,22,Sunday,25,173,2,True,False,False,True,False,June,Weekend,2.42,1.7647307968401358
2025-06-22,Breakfast,C,Vegetables,2.25,3.0,6.75,2025,6,22,Sunday,25,173,2,True,False,False,False,False,June,Weekend,0.75,1.1786549963416462
2025-06-22,Breakfast,D,Meat,1.93,8.0,15.44,2025,6,22,Sunday,25,173,2,True,False,False,False,False,June,Weekend,0.24125,1.0750024230289759
2025-06-22,Breakfast,B,Vegetables,2.57,3.0,7.709999999999999,2025,6,22,Sunday,25,173,2,True,False,False,False,False,June,Weekend,0.8566666666666666,1.2725655957915476
2025-06-22,Dinner,C,Meat,3.38,8.0,27.04,2025,6,22,Sunday,25,173,2,True,False,True,False,False,June,Weekend,0.4225,1.4770487243883548
2025-06-22,Dinner,D,Meat,2.68,8.0,21.44,2025,6,22,Sunday,25,173,2,True,False,False,False,False,June,Weekend,0.335,1.3029127521808397
2025-06-22,Dinner,D,Rice,3.46,2.0,6.92,2025,6,22,Sunday,25,173,2,True,False,False,False,False,June,Weekend,1.73,1.4951487660319727
2025-06-22,Dinner,C,Soup,3.72,1.5,5.58,2025,6,22,Sunday,25,173,2,True,False,False,False,False,June,Weekend,2.48,1.551808799597464
2025-06-22,Dinner,B,Soup,3.98,1.5,5.97,2025,6,22,Sunday,25,173,2,True,False,False,False,False,June,Weekend,2.6533333333333333,1.6054298910365616
2025-06-22,Lunch,D,Rice,1.73,2.0,3.46,2025,6,22,Sunday,25,173,2,True,False,False,False,False,June,Weekend,0.865,1.0043016091968684
2025-06-22,Dinner,B,Meat,1.62,8.0,12.96,2025,6,22,Sunday,25,173,2,True,False,False,False,False,June,Weekend,0.2025,0.9631743177730056
2025-06-22,Dinner,D,Vegetables,3.27,3.0,9.81,2025,6,22,Sunday,25,173,2,True,False,False,False,False,June,Weekend,1.09,1.4516138272405332
2025-06-22,Breakfast,A,Rice,0.84,2.0,1.68,2025,6,22,Sunday,25,173,2,True,False,False,False,False,June,Weekend,0.42,0.6097655716208943
2025-06-22,Breakfast,B,Soup,0.95,1.5,1.4249999999999998,2025,6,22,Sunday,25,173,2,True,False,False,False,False,June,Weekend,0.6333333333333333,0.6678293725756554
2025-06-22,Lunch,D,Meat,2.96,8.0,23.68,2025,6,22,Sunday,25,173,2,True,False,True,False,False,June,Weekend,0.37,1.3762440252663892
2025-06-22,Lunch,A,Soup,3.27,1.5,4.905,2025,6,22,Sunday,25,173,2,True,False,False,False,False,June,Weekend,2.18,1.4516138272405332
2025-06-23,Dinner,A,Soup,2.4,1.5,3.5999999999999996,2025,6,23,Monday,26,174,2,False,False,False,False,False,June,Weekday,1.5999999999999999,1.2237754316221157
2025-06-23,Lunch,A,Soup,0.9,1.5,1.35,2025,6,23,Monday,26,174,2,False,False,False,False,False,June,Weekday,0.6,0.6418538861723948
2025-06-23,Lunch,C,Meat,2.11,8.0,16.88,2025,6,23,Monday,26,174,2,False,False,False,False,False,June,Weekday,0.26375,1.1346227261911428
2025-06-23,Lunch,A,Rice,3.85,2.0,7.7,2025,6,23,Monday,26,174,2,False,False,False,False,False,June,Weekday,1.925,1.578978704949392
2025-06-23,Breakfast,B,Vegetables,1.21,3.0,3.63,2025,6,23,Monday,26,174,2,False,False,False,False,False,June,Weekday,0.4033333333333333,0.7929925155296614
2025-06-23,Lunch,D,Meat,1.5,8.0,12.0,2025,6,23,Monday,26,174,2,False,False,False,False,False,June,Weekday,0.1875,0.9162907318741551
2025-06-23,Breakfast,D,Rice,4.19,2.0,8.38,2025,6,23,Monday,26,174,2,False,False,False,True,False,June,Weekday,2.095,1.6467336971777973
2025-06-23,Lunch,C,Soup,1.26,1.5,1.8900000000000001,2025,6,23,Monday,26,174,2,False,False,False,False,False,June,Weekday,0.84,0.8153648132841945
2025-06-23,Dinner,B,Meat,1.9,8.0,15.2,2025,6,23,Monday,26,174,2,False,False,False,False,False,June,Weekday,0.2375,1.0647107369924282
2025-06-23,Breakfast,D,Meat,4.43,8.0,35.44,2025,6,23,Monday,26,174,2,False,False,True,True,True,June,Weekday,0.55375,1.691939133945844
2025-06-23,Lunch,B,Vegetables,4.06,3.0,12.18,2025,6,23,Monday,26,174,2,False,False,False,True,False,June,Weekday,1.3533333333333333,1.6213664832993742
2025-06-23,Breakfast,B,Meat,2.48,8.0,19.84,2025,6,23,Monday,26,174,2,False,False,False,False,False,June,Weekday,0.31,1.247032293786383
2025-06-23,Dinner,C,Rice,2.36,2.0,4.72,2025,6,23,Monday,26,174,2,False,False,False,False,False,June,Weekday,1.18,1.2119409739751128
2025-06-23,Lunch,B,Rice,4.17,2.0,8.34,2025,6,23,Monday,26,174,2,False,False,False,True,False,June,Weekday,2.085,1.6428726885203377
2025-06-23,Dinner,C,Soup,2.68,1.5,4.0200000000000005,2025,6,23,Monday,26,174,2,False,False,False,False,False,June,Weekday,1.7866666666666668,1.3029127521808397
2025-06-23,Breakfast,B,Rice,4.74,2.0,9.48,2025,6,23,Monday,26,174,2,False,False,False,True,False,June,Weekday,2.37,1.747459210331475
2025-06-23,Lunch,A,Meat,0.74,8.0,5.92,2025,6,23,Monday,26,174,2,False,False,False,False,False,June,Weekday,0.0925,0.5538851132264376
2025-06-23,Lunch,D,Rice,2.28,2.0,4.56,2025,6,23,Monday,26,174,2,False,False,False,False,False,June,Weekday,1.14,1.1878434223960523
2025-06-23,Dinner,B,Vegetables,4.74,3.0,14.22,2025,6,23,Monday,26,174,2,False,False,False,True,False,June,Weekday,1.58,1.747459210331475
2025-06-23,Dinner,D,Meat,4.1,8.0,32.8,2025,6,23,Monday,26,174,2,False,False,True,True,True,June,Weekday,0.5125,1.62924053973028
2025-06-23,Dinner,A,Vegetables,4.06,3.0,12.18,2025,6,23,Monday,26,174,2,False,False,False,True,False,June,Weekday,1.3533333333333333,1.6213664832993742
2025-06-23,Lunch,D,Vegetables,3.77,3.0,11.31,2025,6,23,Monday,26,174,2,False,False,False,False,False,June,Weekday,1.2566666666666666,1.5623463049002497
2025-06-23,Breakfast,C,Meat,4.24,8.0,33.92,2025,6,23,Monday,26,174,2,False,False,True,True,True,June,Weekday,0.53,1.6563214983329508
2025-06-23,Lunch,A,Vegetables,1.95,3.0,5.85,2025,6,23,Monday,26,174,2,False,False,False,False,False,June,Weekday,0.65,1.0818051703517284
2025-06-23,Breakfast,C,Soup,3.88,1.5,5.82,2025,6,23,Monday,26,174,2,False,False,False,False,False,June,Weekday,2.5866666666666664,1.5851452198650557
2025-06-23,Breakfast,A,Soup,1.15,1.5,1.7249999999999999,2025,6,23,Monday,26,174,2,False,False,False,False,False,June,Weekday,0.7666666666666666,0.7654678421395714
2025-06-23,Breakfast,A,Vegetables,0.98,3.0,2.94,2025,6,23,Monday,26,174,2,False,False,False,False,False,June,Weekday,0.32666666666666666,0.6830968447064438
2025-06-23,Breakfast,B,Soup,0.77,1.5,1.155,2025,6,23,Monday,26,174,2,False,False,False,False,False,June,Weekday,0.5133333333333333,0.5709795465857378
2025-06-23,Lunch,B,Soup,0.91,1.5,1.365,2025,6,23,Monday,26,174,2,False,False,False,False,False,June,Weekday,0.6066666666666667,0.6471032420585385
2025-06-23,Dinner,C,Meat,1.48,8.0,11.84,2025,6,23,Monday,26,174,2,False,False,False,False,False,June,Weekday,0.185,0.9082585601768908
2025-06-23,Breakfast,D,Soup,1.75,1.5,2.625,2025,6,23,Monday,26,174,2,False,False,False,False,False,June,Weekday,1.1666666666666667,1.0116009116784799
2025-06-23,Dinner,B,Soup,4.92,1.5,7.38,2025,6,23,Monday,26,174,2,False,False,False,True,False,June,Weekday,3.28,1.7783364488959144
2025-06-23,Dinner,A,Meat,1.62,8.0,12.96,2025,6,23,Monday,26,174,2,False,False,False,False,False,June,Weekday,0.2025,0.9631743177730056
2025-06-23,Dinner,D,Vegetables,4.03,3.0,12.09,2025,6,23,Monday,26,174,2,False,False,False,True,False,June,Weekday,1.3433333333333335,1.6154199841116479
2025-06-23,Breakfast,A,Rice,1.87,2.0,3.74,2025,6,23,Monday,26,174,2,False,False,False,False,False,June,Weekday,0.935,1.0543120297715298
2025-06-23,Lunch,C,Vegetables,3.41,3.0,10.23,2025,6,23,Monday,26,174,2,False,False,False,False,False,June,Weekday,1.1366666666666667,1.4838746894587547
2025-06-23,Dinner,D,Rice,4.83,2.0,9.66,2025,6,23,Monday,26,174,2,False,False,False,True,False,June,Weekday,2.415,1.763017000362401
2025-06-23,Breakfast,D,Vegetables,0.28,3.0,0.8400000000000001,2025,6,23,Monday,26,174,2,False,False,False,False,False,June,Weekday,0.09333333333333334,0.2468600779315258
2025-06-23,Dinner,C,Vegetables,1.97,3.0,5.91,2025,6,23,Monday,26,174,2,False,False,False,False,False,June,Weekday,0.6566666666666666,1.0885619528146082
2025-06-23,Breakfast,C,Rice,0.48,2.0,0.96,2025,6,23,Monday,26,174,2,False,False,False,False,False,June,Weekday,0.24,0.3920420877760237
2025-06-23,Lunch,B,Meat,3.88,8.0,31.04,2025,6,23,Monday,26,174,2,False,False,True,False,True,June,Weekday,0.485,1.5851452198650557
2025-06-23,Dinner,B,Rice,4.19,2.0,8.38,2025,6,23,Monday,26,174,2,False,False,False,True,False,June,Weekday,2.095,1.6467336971777973
2025-06-23,Lunch,D,Soup,2.3,1.5,3.4499999999999997,2025,6,23,Monday,26,174,2,False,False,False,False,False,June,Weekday,1.5333333333333332,1.1939224684724346
2025-06-23,Breakfast,A,Meat,1.88,8.0,15.04,2025,6,23,Monday,26,174,2,False,False,False,False,False,June,Weekday,0.235,1.0577902941478545
2025-06-24,Dinner,D,Vegetables,2.16,3.0,6.48,2025,6,24,Tuesday,26,175,2,False,False,False,False,False,June,Weekday,0.7200000000000001,1.1505720275988207
2025-06-24,Lunch,B,Meat,4.97,8.0,39.76,2025,6,24,Tuesday,26,175,2,False,False,True,True,True,June,Weekday,0.62125,1.7867469274045107
2025-06-24,Lunch,D,Meat,1.51,8.0,12.08,2025,6,24,Tuesday,26,175,2,False,False,False,False,False,June,Weekday,0.18875,0.9202827531436926
2025-06-24,Lunch,D,Soup,3.51,1.5,5.265,2025,6,24,Tuesday,26,175,2,False,False,False,False,False,June,Weekday,2.34,1.5062971535145868
2025-06-24,Dinner,C,Vegetables,0.64,3.0,1.92,2025,6,24,Tuesday,26,175,2,False,False,False,False,False,June,Weekday,0.21333333333333335,0.49469624183610705
2025-06-24,Breakfast,A,Vegetables,4.38,3.0,13.14,2025,6,24,Tuesday,26,175,2,False,False,False,True,False,June,Weekday,1.46,1.682688374173693
2025-06-24,Breakfast,C,Vegetables,4.54,3.0,13.620000000000001,2025,6,24,Tuesday,26,175,2,False,False,False,True,False,June,Weekday,1.5133333333333334,1.7119945007591926
2025-06-24,Lunch,D,Rice,0.77,2.0,1.54,2025,6,24,Tuesday,26,175,2,False,False,False,False,False,June,Weekday,0.385,0.5709795465857378
2025-06-24,Lunch,C,Vegetables,3.28,3.0,9.84,2025,6,24,Tuesday,26,175,2,False,False,False,False,False,June,Weekday,1.0933333333333333,1.4539530095937054
2025-06-24,Dinner,D,Meat,0.33,8.0,2.64,2025,6,24,Tuesday,26,175,2,False,False,False,False,False,June,Weekday,0.04125,0.2851789422336624
2025-06-24,Breakfast,C,Soup,0.82,1.5,1.23,2025,6,24,Tuesday,26,175,2,False,False,False,False,False,June,Weekday,0.5466666666666666,0.598836501088704
2025-06-24,Dinner,C,Meat,2.69,8.0,21.52,2025,6,24,Tuesday,26,175,2,False,False,False,False,False,June,Weekday,0.33625,1.3056264580524357
2025-06-24,Dinner,B,Rice,0.49,2.0,0.98,2025,6,24,Tuesday,26,175,2,False,False,False,False,False,June,Weekday,0.245,0.3987761199573678
2025-06-24,Breakfast,D,Rice,2.24,2.0,4.48,2025,6,24,Tuesday,26,175,2,False,False,False,False,False,June,Weekday,1.12,1.1755733298042381
2025-06-24,Breakfast,D,Meat,4.74,8.0,37.92,2025,6,24,Tuesday,26,175,2,False,False,True,True,True,June,Weekday,0.5925,1.747459210331475
2025-06-24,Breakfast,C,Rice,3.84,2.0,7.68,2025,6,24,Tuesday,26,175,2,False,False,False,False,False,June,Weekday,1.92,1.5769147207285403
2025-06-24,Lunch,C,Meat,4.21,8.0,33.68,2025,6,24,Tuesday,26,175,2,False,False,True,True,True,June,Weekday,0.52625,1.6505798557652755
2025-06-24,Lunch,B,Rice,1.26,2.0,2.52,2025,6,24,Tuesday,26,175,2,False,False,False,False,False,June,Weekday,0.63,0.8153648132841945
2025-06-24,Dinner,D,Rice,1.58,2.0,3.16,2025,6,24,Tuesday,26,175,2,False,False,False,False,False,June,Weekday,0.79,0.9477893989335261
2025-06-24,Breakfast,A,Rice,1.33,2.0,2.66,2025,6,24,Tuesday,26,175,2,False,False,False,False,False,June,Weekday,0.665,0.8458682675776092
2025-06-24,Dinner,A,Rice,0.78,2.0,1.56,2025,6,24,Tuesday,26,175,2,False,False,False,False,False,June,Weekday,0.39,0.5766133643039938
2025-06-24,Dinner,C,Rice,3.66,2.0,7.32,2025,6,24,Tuesday,26,175,2,False,False,False,False,False,June,Weekday,1.83,1.5390154481375546
2025-06-24,Dinner,A,Meat,3.56,8.0,28.48,2025,6,24,Tuesday,26,175,2,False,False,True,False,False,June,Weekday,0.445,1.5173226235262947
2025-06-24,Lunch,B,Soup,0.24,1.5,0.36,2025,6,24,Tuesday,26,175,2,False,False,False,False,False,June,Weekday,0.16,0.2151113796169455
2025-06-24,Dinner,B,Meat,1.35,8.0,10.8,2025,6,24,Tuesday,26,175,2,False,False,False,False,False,June,Weekday,0.16875,0.8544153281560676
2025-06-24,Lunch,A,Vegetables,0.36,3.0,1.08,2025,6,24,Tuesday,26,175,2,False,False,False,False,False,June,Weekday,0.12,0.3074846997479606
2025-06-24,Lunch,C,Soup,3.98,1.5,5.97,2025,6,24,Tuesday,26,175,2,False,False,False,False,False,June,Weekday,2.6533333333333333,1.6054298910365616
2025-06-24,Breakfast,A,Meat,3.24,8.0,25.92,2025,6,24,Tuesday,26,175,2,False,False,True,False,False,June,Weekday,0.405,1.4445632692438664
2025-06-24,Breakfast,B,Soup,1.5,1.5,2.25,2025,6,24,Tuesday,26,175,2,False,False,False,False,False,June,Weekday,1.0,0.9162907318741551
2025-06-24,Dinner,C,Soup,1.51,1.5,2.265,2025,6,24,Tuesday,26,175,2,False,False,False,False,False,June,Weekday,1.0066666666666666,0.9202827531436926
2025-06-24,Lunch,A,Soup,2.56,1.5,3.84,2025,6,24,Tuesday,26,175,2,False,False,False,False,False,June,Weekday,1.7066666666666668,1.269760544863939
2025-06-24,Breakfast,B,Rice,0.6,2.0,1.2,2025,6,24,Tuesday,26,175,2,False,False,False,False,False,June,Weekday,0.3,0.4700036292457356
2025-06-24,Dinner,D,Soup,3.99,1.5,5.985,2025,6,24,Tuesday,26,175,2,False,False,False,False,False,June,Weekday,2.66,1.6074359097634274
2025-06-24,Breakfast,B,Vegetables,4.27,3.0,12.809999999999999,2025,6,24,Tuesday,26,175,2,False,False,False,True,False,June,Weekday,1.4233333333333331,1.6620303625532709
2025-06-24,Lunch,D,Vegetables,4.17,3.0,12.51,2025,6,24,Tuesday,26,175,2,False,False,False,True,False,June,Weekday,1.39,1.6428726885203377
2025-06-24,Breakfast,B,Meat,4.24,8.0,33.92,2025,6,24,Tuesday,26,175,2,False,False,True,True,True,June,Weekday,0.53,1.6563214983329508
2025-06-24,Breakfast,D,Vegetables,1.19,3.0,3.57,2025,6,24,Tuesday,26,175,2,False,False,False,False,False,June,Weekday,0.39666666666666667,0.7839015438284094
2025-06-24,Breakfast,C,Meat,1.44,8.0,11.52,2025,6,24,Tuesday,26,175,2,False,False,False,False,False,June,Weekday,0.18,0.8919980393051105
2025-06-24,Dinner,B,Vegetables,4.19,3.0,12.57,2025,6,24,Tuesday,26,175,2,False,False,False,True,False,June,Weekday,1.3966666666666667,1.6467336971777973
2025-06-25,Breakfast,B,Soup,0.8,1.5,1.2000000000000002,2025,6,25,Wednesday,26,176,2,False,False,False,False,False,June,Weekday,0.5333333333333333,0.5877866649021191
2025-06-25,Dinner,A,Vegetables,2.78,3.0,8.34,2025,6,25,Wednesday,26,176,2,False,False,False,False,False,June,Weekday,0.9266666666666666,1.3297240096314962
2025-06-25,Breakfast,A,Meat,0.64,8.0,5.12,2025,6,25,Wednesday,26,176,2,False,False,False,False,False,June,Weekday,0.08,0.49469624183610705
2025-06-25,Dinner,A,Meat,0.32,8.0,2.56,2025,6,25,Wednesday,26,176,2,False,False,False,False,False,June,Weekday,0.04,0.2776317365982795
2025-06-25,Lunch,B,Meat,2.4,8.0,19.2,2025,6,25,Wednesday,26,176,2,False,False,False,False,False,June,Weekday,0.3,1.2237754316221157
2025-06-25,Dinner,D,Meat,1.54,8.0,12.32,2025,6,25,Wednesday,26,176,2,False,False,False,False,False,June,Weekday,0.1925,0.9321640810304452
2025-06-25,Dinner,C,Soup,3.9,1.5,5.85,2025,6,25,Wednesday,26,176,2,False,False,False,False,False,June,Weekday,2.6,1.589235205116581
2025-06-25,Breakfast,D,Vegetables,4.88,3.0,14.64,2025,6,25,Wednesday,26,176,2,False,False,False,True,False,June,Weekday,1.6266666666666667,1.7715567619105355
2025-06-25,Breakfast,D,Rice,3.36,2.0,6.72,2025,6,25,Wednesday,26,176,2,False,False,False,False,False,June,Weekday,1.68,1.4724720573609429
2025-06-25,Lunch,C,Meat,0.18,8.0,1.44,2025,6,25,Wednesday,26,176,2,False,False,False,False,False,June,Weekday,0.0225,0.16551443847757338
2025-06-25,Dinner,C,Vegetables,0.41,3.0,1.23,2025,6,25,Wednesday,26,176,2,False,False,False,False,False,June,Weekday,0.13666666666666666,0.3435897043900769
2025-06-25,Lunch,D,Rice,3.69,2.0,7.38,2025,6,25,Wednesday,26,176,2,False,False,False,False,False,June,Weekday,1.845,1.545432582458188
2025-06-25,Breakfast,C,Rice,2.2,2.0,4.4,2025,6,25,Wednesday,26,176,2,False,False,False,False,False,June,Weekday,1.1,1.1631508098056809
2025-06-25,Dinner,D,Vegetables,0.31,3.0,0.9299999999999999,2025,6,25,Wednesday,26,176,2,False,False,False,False,False,June,Weekday,0.10333333333333333,0.27002713721306015
2025-06-25,Lunch,C,Soup,1.79,1.5,2.685,2025,6,25,Wednesday,26,176,2,False,False,False,False,False,June,Weekday,1.1933333333333334,1.0260415958332743
2025-06-25,Breakfast,A,Vegetables,4.54,3.0,13.620000000000001,2025,6,25,Wednesday,26,176,2,False,False,False,True,False,June,Weekday,1.5133333333333334,1.7119945007591926
2025-06-25,Lunch,A,Soup,2.82,1.5,4.2299999999999995,2025,6,25,Wednesday,26,176,2,False,False,False,False,False,June,Weekday,1.88,1.3402504226184837
2025-06-25,Lunch,A,Vegetables,4.94,3.0,14.82,2025,6,25,Wednesday,26,176,2,False,False,False,True,False,June,Weekday,1.6466666666666667,1.7817091333745536
2025-06-25,Breakfast,A,Soup,3.02,1.5,4.53,2025,6,25,Wednesday,26,176,2,False,False,False,False,False,June,Weekday,2.013333333333333,1.3912819026309298
2025-06-25,Dinner,D,Rice,2.34,2.0,4.68,2025,6,25,Wednesday,26,176,2,False,False,False,False,False,June,Weekday,1.17,1.205970806988609
2025-06-25,Lunch,C,Rice,1.34,2.0,2.68,2025,6,25,Wednesday,26,176,2,False,False,False,False,False,June,Weekday,0.67,0.8501509293696101
2025-06-25,Dinner,D,Soup,1.08,1.5,1.62,2025,6,25,Wednesday,26,176,2,False,False,False,False,False,June,Weekday,0.7200000000000001,0.7323678937132266
2025-06-25,Dinner,B,Rice,0.96,2.0,1.92,2025,6,25,Wednesday,26,176,2,False,False,False,False,False,June,Weekday,0.48,0.6729444732424258
2025-06-25,Breakfast,A,Rice,2.34,2.0,4.68,2025,6,25,Wednesday,26,176,2,False,False,False,False,False,June,Weekday,1.17,1.205970806988609
2025-06-25,Lunch,B,Rice,2.01,2.0,4.02,2025,6,25,Wednesday,26,176,2,False,False,False,False,False,June,Weekday,1.005,1.1019400787607843
2025-06-25,Lunch,D,Meat,3.18,8.0,25.44,2025,6,25,Wednesday,26,176,2,False,False,True,False,False,June,Weekday,0.3975,1.430311246536665
2025-06-25,Dinner,B,Vegetables,2.38,3.0,7.14,2025,6,25,Wednesday,26,176,2,False,False,False,False,False,June,Weekday,0.7933333333333333,1.2178757094949273
2025-06-25,Dinner,C,Meat,4.08,8.0,32.64,2025,6,25,Wednesday,26,176,2,False,False,True,True,True,June,Weekday,0.51,1.6253112615903906
2025-06-25,Lunch,B,Vegetables,3.21,3.0,9.629999999999999,2025,6,25,Wednesday,26,176,2,False,False,False,False,False,June,Weekday,1.07,1.43746264769429
2025-06-25,Dinner,A,Soup,4.09,1.5,6.135,2025,6,25,Wednesday,26,176,2,False,False,False,True,False,June,Weekday,2.7266666666666666,1.6272778305624314
2025-06-25,Breakfast,B,Meat,2.63,8.0,21.04,2025,6,25,Wednesday,26,176,2,False,False,False,False,False,June,Weekday,0.32875,1.2892326482767593
2025-06-25,Lunch,D,Soup,3.7,1.5,5.550000000000001,2025,6,25,Wednesday,26,176,2,False,False,False,False,False,June,Weekday,2.466666666666667,1.547562508716013
2025-06-25,Dinner,A,Rice,1.73,2.0,3.46,2025,6,25,Wednesday,26,176,2,False,False,False,False,False,June,Weekday,0.865,1.0043016091968684
2025-06-25,Lunch,A,Rice,2.68,2.0,5.36,2025,6,25,Wednesday,26,176,2,False,False,False,False,False,June,Weekday,1.34,1.3029127521808397
2025-06-25,Lunch,A,Meat,2.59,8.0,20.72,2025,6,25,Wednesday,26,176,2,False,False,False,False,False,June,Weekday,0.32375,1.2781522025001875
2025-06-25,Dinner,B,Soup,3.51,1.5,5.265,2025,6,25,Wednesday,26,176,2,False,False,False,False,False,June,Weekday,2.34,1.5062971535145868
2025-06-25,Breakfast,D,Meat,0.52,8.0,4.16,2025,6,25,Wednesday,26,176,2,False,False,False,False,False,June,Weekday,0.065,0.41871033485818504
2025-06-25,Lunch,B,Soup,4.91,1.5,7.365,2025,6,25,Wednesday,26,176,2,False,False,False,True,False,June,Weekday,3.2733333333333334,1.776645831418007
2025-06-25,Breakfast,D,Soup,0.43,1.5,0.645,2025,6,25,Wednesday,26,176,2,False,False,False,False,False,June,Weekday,0.2866666666666667,0.3576744442718159
2025-06-25,Breakfast,C,Vegetables,1.28,3.0,3.84,2025,6,25,Wednesday,26,176,2,False,False,False,False,False,June,Weekday,0.4266666666666667,0.8241754429663495
2025-06-25,Breakfast,B,Rice,0.18,2.0,0.36,2025,6,25,Wednesday,26,176,2,False,False,False,False,False,June,Weekday,0.09,0.16551443847757338
2025-06-25,Breakfast,C,Meat,3.11,8.0,24.88,2025,6,25,Wednesday,26,176,2,False,False,True,False,False,June,Weekday,0.38875,1.4134230285081433
2025-06-25,Breakfast,B,Vegetables,1.29,3.0,3.87,2025,6,25,Wednesday,26,176,2,False,False,False,False,False,June,Weekday,0.43,0.8285518175661483
2025-06-25,Dinner,C,Rice,3.2,2.0,6.4,2025,6,25,Wednesday,26,176,2,False,False,False,False,False,June,Weekday,1.6,1.4350845252893227
2025-06-26,Dinner,B,Rice,1.82,2.0,3.64,2025,6,26,Thursday,26,177,2,False,False,False,False,False,June,Weekday,0.91,1.0367368849500223
2025-06-26,Breakfast,C,Rice,1.85,2.0,3.7,2025,6,26,Thursday,26,177,2,False,False,False,False,False,June,Weekday,0.925,1.0473189942805592
2025-06-26,Breakfast,B,Rice,2.76,2.0,5.52,2025,6,26,Thursday,26,177,2,False,False,False,False,False,June,Weekday,1.38,1.324418957401803
2025-06-26,Dinner,D,Rice,0.47,2.0,0.94,2025,6,26,Thursday,26,177,2,False,False,False,False,False,June,Weekday,0.235,0.3852624007906449
2025-06-26,Breakfast,C,Soup,1.73,1.5,2.5949999999999998,2025,6,26,Thursday,26,177,2,False,False,False,False,False,June,Weekday,1.1533333333333333,1.0043016091968684
2025-06-26,Lunch,C,Vegetables,3.05,3.0,9.149999999999999,2025,6,26,Thursday,26,177,2,False,False,False,False,False,June,Weekday,1.0166666666666666,1.3987168811184478
2025-06-26,Breakfast,C,Meat,3.93,8.0,31.44,2025,6,26,Thursday,26,177,2,False,False,True,False,True,June,Weekday,0.49125,1.5953389880545987
2025-06-26,Dinner,A,Meat,3.05,8.0,24.4,2025,6,26,Thursday,26,177,2,False,False,True,False,False,June,Weekday,0.38125,1.3987168811184478
2025-06-26,Breakfast,B,Soup,1.04,1.5,1.56,2025,6,26,Thursday,26,177,2,False,False,False,False,False,June,Weekday,0.6933333333333334,0.712949807856125
2025-06-26,Dinner,A,Soup,3.48,1.5,5.22,2025,6,26,Thursday,26,177,2,False,False,False,False,False,June,Weekday,2.32,1.4996230464268938
2025-06-26,Breakfast,A,Soup,4.95,1.5,7.425000000000001,2025,6,26,Thursday,26,177,2,False,False,False,True,False,June,Weekday,3.3000000000000003,1.7833912195575383
2025-06-26,Lunch,D,Soup,3.34,1.5,5.01,2025,6,26,Thursday,26,177,2,False,False,False,False,False,June,Weekday,2.2266666666666666,1.4678743481123135
2025-06-26,Breakfast,D,Meat,1.9,8.0,15.2,2025,6,26,Thursday,26,177,2,False,False,False,False,False,June,Weekday,0.2375,1.0647107369924282
2025-06-26,Dinner,C,Meat,1.45,8.0,11.6,2025,6,26,Thursday,26,177,2,False,False,False,False,False,June,Weekday,0.18125,0.8960880245566356
2025-06-26,Lunch,C,Rice,3.66,2.0,7.32,2025,6,26,Thursday,26,177,2,False,False,False,False,False,June,Weekday,1.83,1.5390154481375546
2025-06-26,Lunch,B,Meat,4.63,8.0,37.04,2025,6,26,Thursday,26,177,2,False,False,True,True,True,June,Weekday,0.57875,1.728109442151599
2025-06-26,Dinner,D,Meat,3.22,8.0,25.76,2025,6,26,Thursday,26,177,2,False,False,True,False,False,June,Weekday,0.4025,1.4398351280479205
2025-06-26,Lunch,B,Rice,2.54,2.0,5.08,2025,6,26,Thursday,26,177,2,False,False,False,False,False,June,Weekday,1.27,1.264126727145683
2025-06-26,Lunch,D,Meat,1.67,8.0,13.36,2025,6,26,Thursday,26,177,2,False,False,False,False,False,June,Weekday,0.20875,0.9820784724121581
2025-06-26,Dinner,A,Vegetables,2.19,3.0,6.57,2025,6,26,Thursday,26,177,2,False,False,False,False,False,June,Weekday,0.73,1.1600209167967532
2025-06-26,Lunch,D,Vegetables,0.49,3.0,1.47,2025,6,26,Thursday,26,177,2,False,False,False,False,False,June,Weekday,0.16333333333333333,0.3987761199573678
2025-06-26,Breakfast,D,Vegetables,4.46,3.0,13.379999999999999,2025,6,26,Thursday,26,177,2,False,False,False,True,False,June,Weekday,1.4866666666666666,1.6974487897568138
2025-06-26,Lunch,A,Meat,1.99,8.0,15.92,2025,6,26,Thursday,26,177,2,False,False,False,False,False,June,Weekday,0.24875,1.095273387402595
2025-06-26,Dinner,D,Soup,4.03,1.5,6.045,2025,6,26,Thursday,26,177,2,False,False,False,True,False,June,Weekday,2.686666666666667,1.6154199841116479
2025-06-26,Breakfast,D,Rice,0.71,2.0,1.42,2025,6,26,Thursday,26,177,2,False,False,False,False,False,June,Weekday,0.355,0.5364933705145685
2025-06-26,Lunch,A,Soup,2.53,1.5,3.795,2025,6,26,Thursday,26,177,2,False,False,False,False,False,June,Weekday,1.6866666666666665,1.2612978709452054
2025-06-26,Dinner,C,Vegetables,4.9,3.0,14.700000000000001,2025,6,26,Thursday,26,177,2,False,False,False,True,False,June,Weekday,1.6333333333333335,1.7749523509116738
2025-06-26,Lunch,C,Meat,0.49,8.0,3.92,2025,6,26,Thursday,26,177,2,False,False,False,False,False,June,Weekday,0.06125,0.3987761199573678
2025-06-26,Dinner,A,Rice,1.6,2.0,3.2,2025,6,26,Thursday,26,177,2,False,False,False,False,False,June,Weekday,0.8,0.9555114450274365
2025-06-26,Breakfast,B,Vegetables,3.79,3.0,11.370000000000001,2025,6,26,Thursday,26,177,2,False,False,False,False,False,June,Weekday,1.2633333333333334,1.5665304114228238
2025-06-26,Dinner,B,Soup,1.83,1.5,2.745,2025,6,26,Thursday,26,177,2,False,False,False,False,False,June,Weekday,1.22,1.0402767116551463
2025-06-26,Dinner,B,Meat,0.31,8.0,2.48,2025,6,26,Thursday,26,177,2,False,False,False,False,False,June,Weekday,0.03875,0.27002713721306015
2025-06-26,Breakfast,D,Soup,3.74,1.5,5.61,2025,6,26,Thursday,26,177,2,False,False,False,False,False,June,Weekday,2.4933333333333336,1.556037135706985
2025-06-26,Breakfast,A,Rice,0.31,2.0,0.62,2025,6,26,Thursday,26,177,2,False,False,False,False,False,June,Weekday,0.155,0.27002713721306015
2025-06-26,Lunch,B,Soup,4.03,1.5,6.045,2025,6,26,Thursday,26,177,2,False,False,False,True,False,June,Weekday,2.686666666666667,1.6154199841116479
2025-06-26,Breakfast,B,Meat,1.34,8.0,10.72,2025,6,26,Thursday,26,177,2,False,False,False,False,False,June,Weekday,0.1675,0.8501509293696101
2025-06-26,Lunch,A,Vegetables,4.87,3.0,14.61,2025,6,26,Thursday,26,177,2,False,False,False,True,False,June,Weekday,1.6233333333333333,1.769854633840005
2025-06-26,Breakfast,C,Vegetables,4.34,3.0,13.02,2025,6,26,Thursday,26,177,2,False,False,False,True,False,June,Weekday,1.4466666666666665,1.6752256529721035
2025-06-26,Lunch,A,Rice,4.48,2.0,8.96,2025,6,26,Thursday,26,177,2,False,False,False,True,False,June,Weekday,2.24,1.7011051009599243
2025-06-26,Lunch,D,Rice,2.77,2.0,5.54,2025,6,26,Thursday,26,177,2,False,False,False,False,False,June,Weekday,1.385,1.3270750014599193
2025-06-26,Breakfast,A,Meat,4.67,8.0,37.36,2025,6,26,Thursday,26,177,2,False,False,True,True,True,June,Weekday,0.58375,1.7351891177396608
2025-06-26,Dinner,C,Rice,4.99,2.0,9.98,2025,6,26,Thursday,26,177,2,False,False,False,True,False,June,Weekday,2.495,1.790091412127358
2025-06-26,Lunch,B,Vegetables,2.64,3.0,7.92,2025,6,26,Thursday,26,177,2,False,False,False,False,False,June,Weekday,0.88,1.2919836816486494
2025-06-26,Breakfast,A,Vegetables,2.63,3.0,7.89,2025,6,26,Thursday,26,177,2,False,False,False,False,False,June,Weekday,0.8766666666666666,1.2892326482767593
2025-06-26,Dinner,B,Vegetables,4.36,3.0,13.080000000000002,2025,6,26,Thursday,26,177,2,False,False,False,True,False,June,Weekday,1.4533333333333334,1.6789639750827106
2025-06-27,Breakfast,A,Vegetables,0.8,3.0,2.4000000000000004,2025,6,27,Friday,26,178,2,False,False,False,False,False,June,Weekday,0.26666666666666666,0.5877866649021191
2025-06-27,Lunch,B,Meat,0.66,8.0,5.28,2025,6,27,Friday,26,178,2,False,False,False,False,False,June,Weekday,0.0825,0.5068176023684519
2025-06-27,Dinner,C,Vegetables,1.8,3.0,5.4,2025,6,27,Friday,26,178,2,False,False,False,False,False,June,Weekday,0.6,1.0296194171811583
2025-06-27,Breakfast,A,Rice,3.43,2.0,6.86,2025,6,27,Friday,26,178,2,False,False,False,False,False,June,Weekday,1.715,1.4883995840570443
2025-06-27,Dinner,C,Meat,1.67,8.0,13.36,2025,6,27,Friday,26,178,2,False,False,False,False,False,June,Weekday,0.20875,0.9820784724121581
2025-06-27,Dinner,C,Rice,4.24,2.0,8.48,2025,6,27,Friday,26,178,2,False,False,False,True,False,June,Weekday,2.12,1.6563214983329508
2025-06-27,Breakfast,B,Rice,3.93,2.0,7.86,2025,6,27,Friday,26,178,2,False,False,False,False,False,June,Weekday,1.965,1.5953389880545987
2025-06-27,Lunch,B,Vegetables,3.7,3.0,11.100000000000001,2025,6,27,Friday,26,178,2,False,False,False,False,False,June,Weekday,1.2333333333333334,1.547562508716013
2025-06-27,Breakfast,C,Rice,1.9,2.0,3.8,2025,6,27,Friday,26,178,2,False,False,False,False,False,June,Weekday,0.95,1.0647107369924282
2025-06-27,Dinner,D,Vegetables,4.27,3.0,12.809999999999999,2025,6,27,Friday,26,178,2,False,False,False,True,False,June,Weekday,1.4233333333333331,1.6620303625532709
2025-06-27,Dinner,A,Rice,2.51,2.0,5.02,2025,6,27,Friday,26,178,2,False,False,False,False,False,June,Weekday,1.255,1.2556160374777745
2025-06-27,Lunch,D,Vegetables,1.5,3.0,4.5,2025,6,27,Friday,26,178,2,False,False,False,False,False,June,Weekday,0.5,0.9162907318741551
2025-06-27,Dinner,B,Vegetables,0.53,3.0,1.59,2025,6,27,Friday,26,178,2,False,False,False,False,False,June,Weekday,0.17666666666666667,0.4252677354043441
2025-06-27,Breakfast,B,Meat,0.27,8.0,2.16,2025,6,27,Friday,26,178,2,False,False,False,False,False,June,Weekday,0.03375,0.23901690047049992
2025-06-27,Lunch,A,Soup,3.28,1.5,4.92,2025,6,27,Friday,26,178,2,False,False,False,False,False,June,Weekday,2.1866666666666665,1.4539530095937054
2025-06-27,Lunch,A,Meat,2.69,8.0,21.52,2025,6,27,Friday,26,178,2,False,False,False,False,False,June,Weekday,0.33625,1.3056264580524357
2025-06-27,Breakfast,D,Meat,4.75,8.0,38.0,2025,6,27,Friday,26,178,2,False,False,True,True,True,June,Weekday,0.59375,1.749199854809259
2025-06-27,Lunch,D,Soup,4.59,1.5,6.885,2025,6,27,Friday,26,178,2,False,False,False,True,False,June,Weekday,3.06,1.7209792871670078
2025-06-27,Dinner,D,Rice,2.76,2.0,5.52,2025,6,27,Friday,26,178,2,False,False,False,False,False,June,Weekday,1.38,1.324418957401803
2025-06-27,Dinner,B,Soup,3.44,1.5,5.16,2025,6,27,Friday,26,178,2,False,False,False,False,False,June,Weekday,2.2933333333333334,1.4906543764441333
2025-06-27,Breakfast,A,Soup,3.08,1.5,4.62,2025,6,27,Friday,26,178,2,False,False,False,False,False,June,Weekday,2.0533333333333332,1.4060969884160703
2025-06-27,Lunch,C,Rice,2.0,2.0,4.0,2025,6,27,Friday,26,178,2,False,False,False,False,False,June,Weekday,1.0,1.0986122886681096
2025-06-27,Lunch,A,Rice,2.91,2.0,5.82,2025,6,27,Friday,26,178,2,False,False,False,False,False,June,Weekday,1.455,1.3635373739972745
2025-06-27,Dinner,A,Soup,2.32,1.5,3.4799999999999995,2025,6,27,Friday,26,178,2,False,False,False,False,False,June,Weekday,1.5466666666666666,1.199964782928397
2025-06-27,Dinner,D,Meat,4.47,8.0,35.76,2025,6,27,Friday,26,178,2,False,False,True,True,True,June,Weekday,0.55875,1.6992786164338898
2025-06-27,Breakfast,D,Rice,3.43,2.0,6.86,2025,6,27,Friday,26,178,2,False,False,False,False,False,June,Weekday,1.715,1.4883995840570443
2025-06-27,Lunch,C,Meat,2.85,8.0,22.8,2025,6,27,Friday,26,178,2,False,False,True,False,False,June,Weekday,0.35625,1.3480731482996928
2025-06-27,Dinner,B,Meat,2.28,8.0,18.24,2025,6,27,Friday,26,178,2,False,False,False,False,False,June,Weekday,0.285,1.1878434223960523
2025-06-27,Dinner,A,Meat,0.7,8.0,5.6,2025,6,27,Friday,26,178,2,False,False,False,False,False,June,Weekday,0.0875,0.5306282510621704
2025-06-27,Breakfast,C,Vegetables,2.88,3.0,8.64,2025,6,27,Friday,26,178,2,False,False,False,False,False,June,Weekday,0.96,1.355835153635182
2025-06-27,Lunch,B,Rice,1.32,2.0,2.64,2025,6,27,Friday,26,178,2,False,False,False,False,False,June,Weekday,0.66,0.8415671856782186
2025-06-27,Lunch,C,Vegetables,1.38,3.0,4.14,2025,6,27,Friday,26,178,2,False,False,False,False,False,June,Weekday,0.45999999999999996,0.8671004876833832
2025-06-27,Lunch,A,Vegetables,2.05,3.0,6.1499999999999995,2025,6,27,Friday,26,178,2,False,False,False,False,False,June,Weekday,0.6833333333333332,1.11514159061932
2025-06-27,Breakfast,B,Vegetables,0.43,3.0,1.29,2025,6,27,Friday,26,178,2,False,False,False,False,False,June,Weekday,0.14333333333333334,0.3576744442718159
2025-06-27,Breakfast,C,Meat,1.98,8.0,15.84,2025,6,27,Friday,26,178,2,False,False,False,False,False,June,Weekday,0.2475,1.091923300517313
2025-06-27,Breakfast,D,Soup,3.84,1.5,5.76,2025,6,27,Friday,26,178,2,False,False,False,False,False,June,Weekday,2.56,1.5769147207285403
2025-06-27,Lunch,D,Rice,2.29,2.0,4.58,2025,6,27,Friday,26,178,2,False,False,False,False,False,June,Weekday,1.145,1.1908875647772805
2025-06-27,Dinner,A,Vegetables,4.28,3.0,12.84,2025,6,27,Friday,26,178,2,False,False,False,True,False,June,Weekday,1.4266666666666667,1.66392609771817
2025-06-27,Dinner,C,Soup,0.42,1.5,0.63,2025,6,27,Friday,26,178,2,False,False,False,False,False,June,Weekday,0.27999999999999997,0.35065687161316933
2025-06-27,Breakfast,D,Vegetables,1.92,3.0,5.76,2025,6,27,Friday,26,178,2,False,False,False,False,False,June,Weekday,0.64,1.0715836162801904
2025-06-28,Dinner,D,Meat,3.21,8.0,25.68,2025,6,28,Saturday,26,179,2,True,False,True,False,False,June,Weekend,0.40125,1.43746264769429
2025-06-28,Breakfast,A,Rice,4.64,2.0,9.28,2025,6,28,Saturday,26,179,2,True,False,False,True,False,June,Weekend,2.32,1.7298840655099674
2025-06-28,Breakfast,A,Vegetables,3.99,3.0,11.97,2025,6,28,Saturday,26,179,2,True,False,False,False,False,June,Weekend,1.33,1.6074359097634274
2025-06-28,Breakfast,C,Rice,0.23,2.0,0.46,2025,6,28,Saturday,26,179,2,True,False,False,False,False,June,Weekend,0.115,0.20701416938432615
2025-06-28,Dinner,C,Rice,1.8,2.0,3.6,2025,6,28,Saturday,26,179,2,True,False,False,False,False,June,Weekend,0.9,1.0296194171811583
2025-06-28,Dinner,D,Vegetables,2.8,3.0,8.399999999999999,2025,6,28,Saturday,26,179,2,True,False,False,False,False,June,Weekend,0.9333333333333332,1.33500106673234
2025-06-28,Dinner,B,Soup,3.58,1.5,5.37,2025,6,28,Saturday,26,179,2,True,False,False,False,False,June,Weekend,2.3866666666666667,1.5216989981260935
2025-06-28,Lunch,B,Rice,4.13,2.0,8.26,2025,6,28,Saturday,26,179,2,True,False,False,True,False,June,Weekend,2.065,1.635105659182678
2025-06-28,Lunch,C,Meat,3.43,8.0,27.44,2025,6,28,Saturday,26,179,2,True,False,True,False,False,June,Weekend,0.42875,1.4883995840570443
2025-06-28,Breakfast,B,Meat,1.08,8.0,8.64,2025,6,28,Saturday,26,179,2,True,False,False,False,False,June,Weekend,0.135,0.7323678937132266
2025-06-28,Lunch,A,Rice,5.0,2.0,10.0,2025,6,28,Saturday,26,179,2,True,False,False,True,False,June,Weekend,2.5,1.791759469228055
2025-06-28,Breakfast,D,Meat,3.1,8.0,24.8,2025,6,28,Saturday,26,179,2,True,False,True,False,False,June,Weekend,0.3875,1.410986973710262
2025-06-28,Dinner,C,Meat,4.71,8.0,37.68,2025,6,28,Saturday,26,179,2,True,False,True,True,True,June,Weekend,0.58875,1.7422190236679187
2025-06-28,Dinner,A,Rice,2.22,2.0,4.44,2025,6,28,Saturday,26,179,2,True,False,False,False,False,June,Weekend,1.11,1.169381359556317
2025-06-28,Lunch,B,Soup,3.25,1.5,4.875,2025,6,28,Saturday,26,179,2,True,False,False,False,False,June,Weekend,2.1666666666666665,1.4469189829363254
2025-06-28,Dinner,B,Rice,0.85,2.0,1.7,2025,6,28,Saturday,26,179,2,True,False,False,False,False,June,Weekend,0.425,0.6151856390902335
2025-06-28,Breakfast,B,Vegetables,0.78,3.0,2.34,2025,6,28,Saturday,26,179,2,True,False,False,False,False,June,Weekend,0.26,0.5766133643039938
2025-06-28,Lunch,A,Meat,3.62,8.0,28.96,2025,6,28,Saturday,26,179,2,True,False,True,False,False,June,Weekend,0.4525,1.5303947050936475
2025-06-28,Breakfast,B,Rice,0.69,2.0,1.38,2025,6,28,Saturday,26,179,2,True,False,False,False,False,June,Weekend,0.345,0.5247285289349821
2025-06-28,Dinner,B,Meat,0.91,8.0,7.28,2025,6,28,Saturday,26,179,2,True,False,False,False,False,June,Weekend,0.11375,0.6471032420585385
2025-06-28,Lunch,B,Vegetables,4.86,3.0,14.580000000000002,2025,6,28,Saturday,26,179,2,True,False,False,True,False,June,Weekend,1.62,1.7681496035889213
2025-06-28,Lunch,B,Meat,0.46,8.0,3.68,2025,6,28,Saturday,26,179,2,True,False,False,False,False,June,Weekend,0.0575,0.3784364357202451
2025-06-28,Breakfast,A,Soup,2.59,1.5,3.885,2025,6,28,Saturday,26,179,2,True,False,False,False,False,June,Weekend,1.7266666666666666,1.2781522025001875
2025-06-28,Breakfast,D,Soup,1.62,1.5,2.43,2025,6,28,Saturday,26,179,2,True,False,False,False,False,June,Weekend,1.08,0.9631743177730056
2025-06-28,Lunch,D,Soup,4.83,1.5,7.245,2025,6,28,Saturday,26,179,2,True,False,False,True,False,June,Weekend,3.22,1.763017000362401
2025-06-28,Breakfast,C,Vegetables,1.91,3.0,5.7299999999999995,2025,6,28,Saturday,26,179,2,True,False,False,False,False,June,Weekend,0.6366666666666666,1.068153081183401
2025-06-28,Breakfast,D,Vegetables,0.52,3.0,1.56,2025,6,28,Saturday,26,179,2,True,False,False,False,False,June,Weekend,0.17333333333333334,0.41871033485818504
2025-06-28,Lunch,A,Vegetables,2.68,3.0,8.040000000000001,2025,6,28,Saturday,26,179,2,True,False,False,False,False,June,Weekend,0.8933333333333334,1.3029127521808397
2025-06-28,Lunch,C,Soup,4.4,1.5,6.6000000000000005,2025,6,28,Saturday,26,179,2,True,False,False,True,False,June,Weekend,2.9333333333333336,1.6863989535702286
2025-06-28,Breakfast,C,Soup,4.04,1.5,6.0600000000000005,2025,6,28,Saturday,26,179,2,True,False,False,True,False,June,Weekend,2.6933333333333334,1.6174060820832772
2025-06-28,Breakfast,C,Meat,2.81,8.0,22.48,2025,6,28,Saturday,26,179,2,True,False,True,False,False,June,Weekend,0.35125,1.3376291891386096
2025-06-28,Dinner,C,Soup,4.25,1.5,6.375,2025,6,28,Saturday,26,179,2,True,False,False,True,False,June,Weekend,2.8333333333333335,1.6582280766035324
2025-06-28,Dinner,A,Vegetables,0.37,3.0,1.1099999999999999,2025,6,28,Saturday,26,179,2,True,False,False,False,False,June,Weekend,0.12333333333333334,0.31481073984003355
2025-06-28,Breakfast,B,Soup,3.97,1.5,5.955,2025,6,28,Saturday,26,179,2,True,False,False,False,False,June,Weekend,2.646666666666667,1.6034198401085373
2025-06-28,Lunch,C,Rice,2.3,2.0,4.6,2025,6,28,Saturday,26,179,2,True,False,False,False,False,June,Weekend,1.15,1.1939224684724346
2025-06-28,Breakfast,A,Meat,3.22,8.0,25.76,2025,6,28,Saturday,26,179,2,True,False,True,False,False,June,Weekend,0.4025,1.4398351280479205
2025-06-28,Lunch,D,Vegetables,0.99,3.0,2.9699999999999998,2025,6,28,Saturday,26,179,2,True,False,False,False,False,June,Weekend,0.33,0.688134638736401
2025-06-28,Breakfast,D,Rice,2.8,2.0,5.6,2025,6,28,Saturday,26,179,2,True,False,False,False,False,June,Weekend,1.4,1.33500106673234
2025-06-28,Lunch,D,Rice,3.92,2.0,7.84,2025,6,28,Saturday,26,179,2,True,False,False,False,False,June,Weekend,1.96,1.5933085305042167
2025-06-28,Lunch,C,Vegetables,1.79,3.0,5.37,2025,6,28,Saturday,26,179,2,True,False,False,False,False,June,Weekend,0.5966666666666667,1.0260415958332743
2025-06-28,Dinner,A,Soup,0.71,1.5,1.065,2025,6,28,Saturday,26,179,2,True,False,False,False,False,June,Weekend,0.47333333333333333,0.5364933705145685
2025-06-28,Lunch,D,Meat,3.23,8.0,25.84,2025,6,28,Saturday,26,179,2,True,False,True,False,False,June,Weekend,0.40375,1.4422019930581866
2025-06-28,Dinner,C,Vegetables,4.49,3.0,13.47,2025,6,28,Saturday,26,179,2,True,False,False,True,False,June,Weekend,1.4966666666666668,1.7029282555214393
2025-06-28,Dinner,A,Meat,4.56,8.0,36.48,2025,6,28,Saturday,26,179,2,True,False,True,True,True,June,Weekend,0.57,1.715598108262491
2025-06-29,Breakfast,B,Soup,3.63,1.5,5.445,2025,6,29,Sunday,26,180,2,True,False,False,False,False,June,Weekend,2.42,1.5325568680981427
2025-06-29,Dinner,B,Soup,0.74,1.5,1.1099999999999999,2025,6,29,Sunday,26,180,2,True,False,False,False,False,June,Weekend,0.49333333333333335,0.5538851132264376
2025-06-29,Dinner,D,Meat,1.31,8.0,10.48,2025,6,29,Sunday,26,180,2,True,False,False,False,False,June,Weekend,0.16375,0.8372475245337022
2025-06-29,Dinner,B,Rice,3.7,2.0,7.4,2025,6,29,Sunday,26,180,2,True,False,False,False,False,June,Weekend,1.85,1.547562508716013
2025-06-29,Lunch,A,Soup,3.23,1.5,4.845,2025,6,29,Sunday,26,180,2,True,False,False,False,False,June,Weekend,2.1533333333333333,1.4422019930581866
2025-06-29,Dinner,A,Vegetables,1.63,3.0,4.89,2025,6,29,Sunday,26,180,2,True,False,False,False,False,June,Weekend,0.5433333333333333,0.9669838461896731
2025-06-29,Dinner,C,Rice,1.92,2.0,3.84,2025,6,29,Sunday,26,180,2,True,False,False,False,False,June,Weekend,0.96,1.0715836162801904
2025-06-29,Breakfast,D,Rice,0.24,2.0,0.48,2025,6,29,Sunday,26,180,2,True,False,False,False,False,June,Weekend,0.12,0.2151113796169455
2025-06-29,Lunch,C,Vegetables,3.46,3.0,10.379999999999999,2025,6,29,Sunday,26,180,2,True,False,False,False,False,June,Weekend,1.1533333333333333,1.4951487660319727
2025-06-29,Breakfast,C,Vegetables,2.86,3.0,8.58,2025,6,29,Sunday,26,180,2,True,False,False,False,False,June,Weekend,0.9533333333333333,1.3506671834767394
2025-06-29,Lunch,B,Rice,2.54,2.0,5.08,2025,6,29,Sunday,26,180,2,True,False,False,False,False,June,Weekend,1.27,1.264126727145683
2025-06-29,Breakfast,C,Soup,4.14,1.5,6.209999999999999,2025,6,29,Sunday,26,180,2,True,False,False,True,False,June,Weekend,2.76,1.6370530794670737
2025-06-29,Lunch,D,Vegetables,2.25,3.0,6.75,2025,6,29,Sunday,26,180,2,True,False,False,False,False,June,Weekend,0.75,1.1786549963416462
2025-06-29,Breakfast,B,Meat,0.86,8.0,6.88,2025,6,29,Sunday,26,180,2,True,False,False,False,False,June,Weekend,0.1075,0.6205764877251099
2025-06-29,Lunch,D,Rice,0.46,2.0,0.92,2025,6,29,Sunday,26,180,2,True,False,False,False,False,June,Weekend,0.23,0.3784364357202451
2025-06-29,Lunch,D,Meat,0.39,8.0,3.12,2025,6,29,Sunday,26,180,2,True,False,False,False,False,June,Weekend,0.04875,0.3293037471426004
2025-06-29,Breakfast,A,Rice,1.58,2.0,3.16,2025,6,29,Sunday,26,180,2,True,False,False,False,False,June,Weekend,0.79,0.9477893989335261
2025-06-29,Lunch,A,Meat,3.86,8.0,30.88,2025,6,29,Sunday,26,180,2,True,False,True,False,True,June,Weekend,0.4825,1.5810384379124023
2025-06-29,Lunch,D,Soup,2.47,1.5,3.705,2025,6,29,Sunday,26,180,2,True,False,False,False,False,June,Weekend,1.6466666666666667,1.244154593958768
2025-06-29,Lunch,C,Rice,2.47,2.0,4.94,2025,6,29,Sunday,26,180,2,True,False,False,False,False,June,Weekend,1.235,1.244154593958768
2025-06-29,Lunch,B,Vegetables,1.52,3.0,4.5600000000000005,2025,6,29,Sunday,26,180,2,True,False,False,False,False,June,Weekend,0.5066666666666667,0.924258901523332
2025-06-29,Dinner,D,Rice,1.41,2.0,2.82,2025,6,29,Sunday,26,180,2,True,False,False,False,False,June,Weekend,0.705,0.8796267475025636
2025-06-29,Breakfast,B,Rice,4.71,2.0,9.42,2025,6,29,Sunday,26,180,2,True,False,False,True,False,June,Weekend,2.355,1.7422190236679187
2025-06-29,Lunch,C,Meat,4.04,8.0,32.32,2025,6,29,Sunday,26,180,2,True,False,True,True,True,June,Weekend,0.505,1.6174060820832772
2025-06-29,Lunch,B,Soup,4.79,1.5,7.1850000000000005,2025,6,29,Sunday,26,180,2,True,False,False,True,False,June,Weekend,3.1933333333333334,1.7561322915849038
2025-06-29,Breakfast,C,Rice,3.07,2.0,6.14,2025,6,29,Sunday,26,180,2,True,False,False,False,False,June,Weekend,1.535,1.4036429994545037
2025-06-29,Breakfast,C,Meat,4.23,8.0,33.84,2025,6,29,Sunday,26,180,2,True,False,True,True,True,June,Weekend,0.52875,1.6544112780768316
2025-06-29,Dinner,A,Rice,1.1,2.0,2.2,2025,6,29,Sunday,26,180,2,True,False,False,False,False,June,Weekend,0.55,0.7419373447293773
2025-06-29,Dinner,B,Meat,4.32,8.0,34.56,2025,6,29,Sunday,26,180,2,True,False,True,True,True,June,Weekend,0.54,1.6714733033535532
2025-06-29,Dinner,B,Vegetables,4.88,3.0,14.64,2025,6,29,Sunday,26,180,2,True,False,False,True,False,June,Weekend,1.6266666666666667,1.7715567619105355
2025-06-29,Dinner,A,Soup,3.62,1.5,5.43,2025,6,29,Sunday,26,180,2,True,False,False,False,False,June,Weekend,2.4133333333333336,1.5303947050936475
2025-06-29,Breakfast,A,Meat,2.71,8.0,21.68,2025,6,29,Sunday,26,180,2,True,False,False,False,False,June,Weekend,0.33875,1.3110318766193438
2025-06-29,Lunch,B,Meat,3.17,8.0,25.36,2025,6,29,Sunday,26,180,2,True,False,True,False,False,June,Weekend,0.39625,1.4279160358107101
2025-06-29,Breakfast,D,Soup,2.93,1.5,4.3950000000000005,2025,6,29,Sunday,26,180,2,True,False,False,False,False,June,Weekend,1.9533333333333334,1.3686394258811698
2025-06-29,Breakfast,A,Soup,0.93,1.5,1.395,2025,6,29,Sunday,26,180,2,True,False,False,False,False,June,Weekend,0.62,0.6575200029167942
2025-06-29,Lunch,C,Soup,1.56,1.5,2.34,2025,6,29,Sunday,26,180,2,True,False,False,False,False,June,Weekend,1.04,0.9400072584914712
2025-06-29,Dinner,C,Soup,2.39,1.5,3.585,2025,6,29,Sunday,26,180,2,True,False,False,False,False,June,Weekend,1.5933333333333335,1.220829921392359
2025-06-29,Dinner,C,Meat,2.85,8.0,22.8,2025,6,29,Sunday,26,180,2,True,False,True,False,False,June,Weekend,0.35625,1.3480731482996928
2025-06-29,Breakfast,A,Vegetables,2.56,3.0,7.68,2025,6,29,Sunday,26,180,2,True,False,False,False,False,June,Weekend,0.8533333333333334,1.269760544863939
2025-06-29,Dinner,D,Soup,1.52,1.5,2.2800000000000002,2025,6,29,Sunday,26,180,2,True,False,False,False,False,June,Weekend,1.0133333333333334,0.924258901523332
2025-06-29,Lunch,A,Vegetables,2.14,3.0,6.42,2025,6,29,Sunday,26,180,2,True,False,False,False,False,June,Weekend,0.7133333333333334,1.144222799920162
2025-06-29,Dinner,C,Vegetables,1.66,3.0,4.9799999999999995,2025,6,29,Sunday,26,180,2,True,False,False,False,False,June,Weekend,0.5533333333333333,0.9783261227936076
2025-06-29,Dinner,A,Meat,3.07,8.0,24.56,2025,6,29,Sunday,26,180,2,True,False,True,False,False,June,Weekend,0.38375,1.4036429994545037
2025-06-29,Dinner,D,Vegetables,0.57,3.0,1.71,2025,6,29,Sunday,26,180,2,True,False,False,False,False,June,Weekend,0.18999999999999997,0.4510756193602167
2025-06-30,Lunch,A,Vegetables,1.83,3.0,5.49,2025,6,30,Monday,27,181,2,False,False,False,False,False,June,Weekday,0.61,1.0402767116551463
2025-06-30,Breakfast,B,Rice,0.88,2.0,1.76,2025,6,30,Monday,27,181,2,False,False,False,False,False,June,Weekday,0.44,0.6312717768418579
2025-06-30,Breakfast,A,Soup,4.34,1.5,6.51,2025,6,30,Monday,27,181,2,False,False,False,True,False,June,Weekday,2.893333333333333,1.6752256529721035
2025-06-30,Lunch,B,Rice,2.52,2.0,5.04,2025,6,30,Monday,27,181,2,False,False,False,False,False,June,Weekday,1.26,1.2584609896100059
2025-06-30,Breakfast,A,Meat,3.12,8.0,24.96,2025,6,30,Monday,27,181,2,False,False,True,False,False,June,Weekday,0.39,1.415853163361435
2025-06-30,Dinner,B,Soup,4.95,1.5,7.425000000000001,2025,6,30,Monday,27,181,2,False,False,False,True,False,June,Weekday,3.3000000000000003,1.7833912195575383
2025-06-30,Lunch,D,Soup,2.06,1.5,3.09,2025,6,30,Monday,27,181,2,False,False,False,False,False,June,Weekday,1.3733333333333333,1.1184149159642893
2025-06-30,Breakfast,C,Rice,3.84,2.0,7.68,2025,6,30,Monday,27,181,2,False,False,False,False,False,June,Weekday,1.92,1.5769147207285403
2025-06-30,Dinner,A,Soup,0.46,1.5,0.6900000000000001,2025,6,30,Monday,27,181,2,False,False,False,False,False,June,Weekday,0.3066666666666667,0.3784364357202451
2025-06-30,Dinner,D,Vegetables,4.7,3.0,14.100000000000001,2025,6,30,Monday,27,181,2,False,False,False,True,False,June,Weekday,1.5666666666666667,1.7404661748405044
2025-06-30,Dinner,C,Rice,3.43,2.0,6.86,2025,6,30,Monday,27,181,2,False,False,False,False,False,June,Weekday,1.715,1.4883995840570443
2025-06-30,Breakfast,D,Soup,2.58,1.5,3.87,2025,6,30,Monday,27,181,2,False,False,False,False,False,June,Weekday,1.72,1.275362800412609
2025-06-30,Breakfast,B,Meat,1.7,8.0,13.6,2025,6,30,Monday,27,181,2,False,False,False,False,False,June,Weekday,0.2125,0.9932517730102834
2025-06-30,Dinner,A,Vegetables,2.81,3.0,8.43,2025,6,30,Monday,27,181,2,False,False,False,False,False,June,Weekday,0.9366666666666666,1.3376291891386096
2025-06-30,Breakfast,D,Vegetables,4.73,3.0,14.190000000000001,2025,6,30,Monday,27,181,2,False,False,False,True,False,June,Weekday,1.5766666666666669,1.7457155307266483
2025-06-30,Lunch,D,Meat,3.84,8.0,30.72,2025,6,30,Monday,27,181,2,False,False,True,False,True,June,Weekday,0.48,1.5769147207285403
2025-06-30,Dinner,A,Rice,2.89,2.0,5.78,2025,6,30,Monday,27,181,2,False,False,False,False,False,June,Weekday,1.445,1.358409157630355
2025-06-30,Breakfast,A,Vegetables,1.32,3.0,3.96,2025,6,30,Monday,27,181,2,False,False,False,False,False,June,Weekday,0.44,0.8415671856782186
2025-06-30,Lunch,C,Meat,4.25,8.0,34.0,2025,6,30,Monday,27,181,2,False,False,True,True,True,June,Weekday,0.53125,1.6582280766035324
2025-06-30,Dinner,C,Meat,0.68,8.0,5.44,2025,6,30,Monday,27,181,2,False,False,False,False,False,June,Weekday,0.085,0.5187937934151676
2025-06-30,Breakfast,A,Rice,1.98,2.0,3.96,2025,6,30,Monday,27,181,2,False,False,False,False,False,June,Weekday,0.99,1.091923300517313
2025-06-30,Breakfast,B,Vegetables,2.93,3.0,8.790000000000001,2025,6,30,Monday,27,181,2,False,False,False,False,False,June,Weekday,0.9766666666666667,1.3686394258811698
2025-06-30,Breakfast,C,Soup,2.54,1.5,3.81,2025,6,30,Monday,27,181,2,False,False,False,False,False,June,Weekday,1.6933333333333334,1.264126727145683
2025-06-30,Lunch,B,Vegetables,3.31,3.0,9.93,2025,6,30,Monday,27,181,2,False,False,False,False,False,June,Weekday,1.1033333333333333,1.4609379041156565
2025-06-30,Breakfast,C,Vegetables,2.62,3.0,7.86,2025,6,30,Monday,27,181,2,False,False,False,False,False,June,Weekday,0.8733333333333334,1.2864740258376797
2025-06-30,Breakfast,D,Rice,1.61,2.0,3.22,2025,6,30,Monday,27,181,2,False,False,False,False,False,June,Weekday,0.805,0.9593502213346021
2025-06-30,Lunch,A,Soup,0.35,1.5,0.5249999999999999,2025,6,30,Monday,27,181,2,False,False,False,False,False,June,Weekday,0.2333333333333333,0.30010459245033805
2025-06-30,Dinner,D,Meat,1.76,8.0,14.08,2025,6,30,Monday,27,181,2,False,False,False,False,False,June,Weekday,0.22,1.0152306797290587
2025-06-30,Lunch,B,Soup,2.41,1.5,3.615,2025,6,30,Monday,27,181,2,False,False,False,False,False,June,Weekday,1.6066666666666667,1.2267122912954256
2025-06-30,Breakfast,C,Meat,2.54,8.0,20.32,2025,6,30,Monday,27,181,2,False,False,False,False,False,June,Weekday,0.3175,1.264126727145683
2025-06-30,Dinner,B,Vegetables,1.47,3.0,4.41,2025,6,30,Monday,27,181,2,False,False,False,False,False,June,Weekday,0.49,0.9042181506398859
2025-06-30,Dinner,A,Meat,1.05,8.0,8.4,2025,6,30,Monday,27,181,2,False,False,False,False,False,June,Weekday,0.13125,0.7178397931503169
2025-06-30,Lunch,B,Meat,4.42,8.0,35.36,2025,6,30,Monday,27,181,2,False,False,True,True,True,June,Weekday,0.5525,1.6900958154515549
2025-06-30,Lunch,A,Rice,4.84,2.0,9.68,2025,6,30,Monday,27,181,2,False,False,False,True,False,June,Weekday,2.42,1.7647307968401358
2025-06-30,Lunch,C,Rice,2.73,2.0,5.46,2025,6,30,Monday,27,181,2,False,False,False,False,False,June,Weekday,1.365,1.3164082336557241
2025-06-30,Lunch,D,Rice,3.66,2.0,7.32,2025,6,30,Monday,27,181,2,False,False,False,False,False,June,Weekday,1.83,1.5390154481375546
2025-06-30,Breakfast,D,Meat,0.21,8.0,1.68,2025,6,30,Monday,27,181,2,False,False,False,False,False,June,Weekday,0.02625,0.1906203596086497
2025-06-30,Lunch,D,Vegetables,1.89,3.0,5.67,2025,6,30,Monday,27,181,2,False,False,False,False,False,June,Weekday,0.63,1.0612565021243408
2025-06-30,Lunch,A,Meat,1.15,8.0,9.2,2025,6,30,Monday,27,181,2,False,False,False,False,False,June,Weekday,0.14375,0.7654678421395714
2025-06-30,Lunch,C,Vegetables,2.21,3.0,6.63,2025,6,30,Monday,27,181,2,False,False,False,False,False,June,Weekday,0.7366666666666667,1.1662709371419244
2025-06-30,Lunch,C,Soup,4.42,1.5,6.63,2025,6,30,Monday,27,181,2,False,False,False,True,False,June,Weekday,2.9466666666666668,1.6900958154515549
2025-06-30,Dinner,B,Meat,3.85,8.0,30.8,2025,6,30,Monday,27,181,2,False,False,True,False,True,June,Weekday,0.48125,1.578978704949392
2025-06-30,Dinner,B,Rice,2.57,2.0,5.14,2025,6,30,Monday,27,181,2,False,False,False,False,False,June,Weekday,1.285,1.2725655957915476
2025-06-30,Breakfast,B,Soup,1.63,1.5,2.445,2025,6,30,Monday,27,181,2,False,False,False,False,False,June,Weekday,1.0866666666666667,0.9669838461896731
2025-07-01,Dinner,A,Rice,3.94,2.0,7.88,2025,7,1,Tuesday,27,182,3,False,False,False,False,False,July,Weekday,1.97,1.597365331199831
2025-07-01,Lunch,B,Vegetables,1.9,3.0,5.699999999999999,2025,7,1,Tuesday,27,182,3,False,False,False,False,False,July,Weekday,0.6333333333333333,1.0647107369924282
2025-07-01,Dinner,C,Vegetables,3.44,3.0,10.32,2025,7,1,Tuesday,27,182,3,False,False,False,False,False,July,Weekday,1.1466666666666667,1.4906543764441333
2025-07-01,Dinner,A,Vegetables,2.93,3.0,8.790000000000001,2025,7,1,Tuesday,27,182,3,False,False,False,False,False,July,Weekday,0.9766666666666667,1.3686394258811698
2025-07-01,Lunch,C,Rice,4.9,2.0,9.8,2025,7,1,Tuesday,27,182,3,False,False,False,True,False,July,Weekday,2.45,1.7749523509116738
2025-07-01,Lunch,B,Rice,1.57,2.0,3.14,2025,7,1,Tuesday,27,182,3,False,False,False,False,False,July,Weekday,0.785,0.9439058989071285
2025-07-01,Dinner,B,Rice,2.96,2.0,5.92,2025,7,1,Tuesday,27,182,3,False,False,False,False,False,July,Weekday,1.48,1.3762440252663892
2025-07-01,Dinner,D,Soup,1.64,1.5,2.46,2025,7,1,Tuesday,27,182,3,False,False,False,False,False,July,Weekday,1.0933333333333333,0.9707789171582247
2025-07-01,Breakfast,B,Soup,2.34,1.5,3.51,2025,7,1,Tuesday,27,182,3,False,False,False,False,False,July,Weekday,1.5599999999999998,1.205970806988609
2025-07-01,Breakfast,C,Soup,3.1,1.5,4.65,2025,7,1,Tuesday,27,182,3,False,False,False,False,False,July,Weekday,2.066666666666667,1.410986973710262
2025-07-01,Lunch,D,Rice,3.47,2.0,6.94,2025,7,1,Tuesday,27,182,3,False,False,False,False,False,July,Weekday,1.735,1.4973884086254774
2025-07-01,Breakfast,C,Vegetables,1.71,3.0,5.13,2025,7,1,Tuesday,27,182,3,False,False,False,False,False,July,Weekday,0.57,0.9969486348916095
2025-07-01,Lunch,A,Meat,4.16,8.0,33.28,2025,7,1,Tuesday,27,182,3,False,False,True,True,True,July,Weekday,0.52,1.6409365794934714
2025-07-01,Lunch,C,Meat,2.96,8.0,23.68,2025,7,1,Tuesday,27,182,3,False,False,True,False,False,July,Weekday,0.37,1.3762440252663892
2025-07-01,Dinner,C,Soup,0.25,1.5,0.375,2025,7,1,Tuesday,27,182,3,False,False,False,False,False,July,Weekday,0.16666666666666666,0.22314355131420976
2025-07-01,Dinner,B,Meat,0.94,8.0,7.52,2025,7,1,Tuesday,27,182,3,False,False,False,False,False,July,Weekday,0.1175,0.6626879730752367
2025-07-01,Dinner,D,Meat,0.64,8.0,5.12,2025,7,1,Tuesday,27,182,3,False,False,False,False,False,July,Weekday,0.08,0.49469624183610705
2025-07-01,Breakfast,A,Soup,0.32,1.5,0.48,2025,7,1,Tuesday,27,182,3,False,False,False,False,False,July,Weekday,0.21333333333333335,0.2776317365982795
2025-07-01,Dinner,D,Vegetables,0.19,3.0,0.5700000000000001,2025,7,1,Tuesday,27,182,3,False,False,False,False,False,July,Weekday,0.06333333333333334,0.173953307123438
2025-07-01,Lunch,B,Meat,4.1,8.0,32.8,2025,7,1,Tuesday,27,182,3,False,False,True,True,True,July,Weekday,0.5125,1.62924053973028
2025-07-01,Lunch,D,Meat,0.23,8.0,1.84,2025,7,1,Tuesday,27,182,3,False,False,False,False,False,July,Weekday,0.02875,0.20701416938432615
2025-07-01,Breakfast,D,Vegetables,3.72,3.0,11.16,2025,7,1,Tuesday,27,182,3,False,False,False,False,False,July,Weekday,1.24,1.551808799597464
2025-07-01,Lunch,B,Soup,3.4,1.5,5.1,2025,7,1,Tuesday,27,182,3,False,False,False,False,False,July,Weekday,2.2666666666666666,1.4816045409242156
2025-07-01,Breakfast,C,Rice,3.07,2.0,6.14,2025,7,1,Tuesday,27,182,3,False,False,False,False,False,July,Weekday,1.535,1.4036429994545037
2025-07-01,Breakfast,B,Vegetables,2.42,3.0,7.26,2025,7,1,Tuesday,27,182,3,False,False,False,False,False,July,Weekday,0.8066666666666666,1.2296405510745139
2025-07-01,Dinner,D,Rice,4.75,2.0,9.5,2025,7,1,Tuesday,27,182,3,False,False,False,True,False,July,Weekday,2.375,1.749199854809259
2025-07-01,Breakfast,C,Meat,2.63,8.0,21.04,2025,7,1,Tuesday,27,182,3,False,False,False,False,False,July,Weekday,0.32875,1.2892326482767593
2025-07-01,Breakfast,D,Meat,4.95,8.0,39.6,2025,7,1,Tuesday,27,182,3,False,False,True,True,True,July,Weekday,0.61875,1.7833912195575383
2025-07-01,Lunch,C,Soup,3.65,1.5,5.475,2025,7,1,Tuesday,27,182,3,False,False,False,False,False,July,Weekday,2.433333333333333,1.536867219599265
2025-07-01,Lunch,D,Soup,4.84,1.5,7.26,2025,7,1,Tuesday,27,182,3,False,False,False,True,False,July,Weekday,3.2266666666666666,1.7647307968401358
2025-07-01,Dinner,A,Meat,3.9,8.0,31.2,2025,7,1,Tuesday,27,182,3,False,False,True,False,True,July,Weekday,0.4875,1.589235205116581
2025-07-01,Breakfast,B,Rice,0.77,2.0,1.54,2025,7,1,Tuesday,27,182,3,False,False,False,False,False,July,Weekday,0.385,0.5709795465857378
2025-07-01,Dinner,C,Rice,4.22,2.0,8.44,2025,7,1,Tuesday,27,182,3,False,False,False,True,False,July,Weekday,2.11,1.6524974018945473
2025-07-01,Dinner,B,Soup,3.14,1.5,4.71,2025,7,1,Tuesday,27,182,3,False,False,False,False,False,July,Weekday,2.0933333333333333,1.420695787837223
2025-07-01,Dinner,B,Vegetables,3.18,3.0,9.540000000000001,2025,7,1,Tuesday,27,182,3,False,False,False,False,False,July,Weekday,1.06,1.430311246536665
2025-07-01,Breakfast,B,Meat,1.73,8.0,13.84,2025,7,1,Tuesday,27,182,3,False,False,False,False,False,July,Weekday,0.21625,1.0043016091968684
2025-07-01,Dinner,C,Meat,0.82,8.0,6.56,2025,7,1,Tuesday,27,182,3,False,False,False,False,False,July,Weekday,0.1025,0.598836501088704
2025-07-01,Breakfast,A,Meat,2.59,8.0,20.72,2025,7,1,Tuesday,27,182,3,False,False,False,False,False,July,Weekday,0.32375,1.2781522025001875
2025-07-01,Lunch,A,Vegetables,2.71,3.0,8.129999999999999,2025,7,1,Tuesday,27,182,3,False,False,False,False,False,July,Weekday,0.9033333333333333,1.3110318766193438
2025-07-01,Lunch,A,Soup,3.57,1.5,5.3549999999999995,2025,7,1,Tuesday,27,182,3,False,False,False,False,False,July,Weekday,2.38,1.5195132049061133
2025-07-01,Lunch,D,Vegetables,2.43,3.0,7.290000000000001,2025,7,1,Tuesday,27,182,3,False,False,False,False,False,July,Weekday,0.81,1.2325602611778486
2025-07-01,Lunch,C,Vegetables,4.0,3.0,12.0,2025,7,1,Tuesday,27,182,3,False,False,False,False,False,July,Weekday,1.3333333333333333,1.6094379124341003
2025-07-01,Breakfast,A,Vegetables,2.55,3.0,7.6499999999999995,2025,7,1,Tuesday,27,182,3,False,False,False,False,False,July,Weekday,0.85,1.2669476034873244
2025-07-01,Lunch,A,Rice,1.75,2.0,3.5,2025,7,1,Tuesday,27,182,3,False,False,False,False,False,July,Weekday,0.875,1.0116009116784799
2025-07-02,Breakfast,B,Meat,4.38,8.0,35.04,2025,7,2,Wednesday,27,183,3,False,False,True,True,True,July,Weekday,0.5475,1.682688374173693
2025-07-02,Lunch,B,Soup,1.04,1.5,1.56,2025,7,2,Wednesday,27,183,3,False,False,False,False,False,July,Weekday,0.6933333333333334,0.712949807856125
2025-07-02,Breakfast,B,Vegetables,3.71,3.0,11.129999999999999,2025,7,2,Wednesday,27,183,3,False,False,False,False,False,July,Weekday,1.2366666666666666,1.5496879080283263
2025-07-02,Dinner,D,Meat,1.51,8.0,12.08,2025,7,2,Wednesday,27,183,3,False,False,False,False,False,July,Weekday,0.18875,0.9202827531436926
2025-07-02,Breakfast,D,Vegetables,0.95,3.0,2.8499999999999996,2025,7,2,Wednesday,27,183,3,False,False,False,False,False,July,Weekday,0.31666666666666665,0.6678293725756554
2025-07-02,Dinner,B,Vegetables,3.42,3.0,10.26,2025,7,2,Wednesday,27,183,3,False,False,False,False,False,July,Weekday,1.14,1.4861396960896067
2025-07-02,Breakfast,A,Soup,3.9,1.5,5.85,2025,7,2,Wednesday,27,183,3,False,False,False,False,False,July,Weekday,2.6,1.589235205116581
2025-07-02,Breakfast,B,Rice,4.61,2.0,9.22,2025,7,2,Wednesday,27,183,3,False,False,False,True,False,July,Weekday,2.305,1.724550719534605
2025-07-02,Dinner,D,Vegetables,3.6,3.0,10.8,2025,7,2,Wednesday,27,183,3,False,False,False,False,False,July,Weekday,1.2,1.5260563034950494
2025-07-02,Dinner,B,Rice,1.44,2.0,2.88,2025,7,2,Wednesday,27,183,3,False,False,False,False,False,July,Weekday,0.72,0.8919980393051105
2025-07-02,Breakfast,C,Meat,1.12,8.0,8.96,2025,7,2,Wednesday,27,183,3,False,False,False,False,False,July,Weekday,0.14,0.7514160886839212
2025-07-02,Lunch,D,Rice,1.56,2.0,3.12,2025,7,2,Wednesday,27,183,3,False,False,False,False,False,July,Weekday,0.78,0.9400072584914712
2025-07-02,Lunch,A,Rice,1.78,2.0,3.56,2025,7,2,Wednesday,27,183,3,False,False,False,False,False,July,Weekday,0.89,1.0224509277025458
2025-07-02,Breakfast,A,Meat,3.48,8.0,27.84,2025,7,2,Wednesday,27,183,3,False,False,True,False,False,July,Weekday,0.435,1.4996230464268938
2025-07-02,Dinner,A,Vegetables,4.68,3.0,14.04,2025,7,2,Wednesday,27,183,3,False,False,False,True,False,July,Weekday,1.5599999999999998,1.7369512327330598
2025-07-02,Breakfast,C,Soup,3.34,1.5,5.01,2025,7,2,Wednesday,27,183,3,False,False,False,False,False,July,Weekday,2.2266666666666666,1.4678743481123135
2025-07-02,Breakfast,A,Vegetables,2.11,3.0,6.33,2025,7,2,Wednesday,27,183,3,False,False,False,False,False,July,Weekday,0.7033333333333333,1.1346227261911428
2025-07-02,Breakfast,A,Rice,0.84,2.0,1.68,2025,7,2,Wednesday,27,183,3,False,False,False,False,False,July,Weekday,0.42,0.6097655716208943
2025-07-02,Lunch,C,Rice,1.31,2.0,2.62,2025,7,2,Wednesday,27,183,3,False,False,False,False,False,July,Weekday,0.655,0.8372475245337022
2025-07-02,Dinner,C,Vegetables,4.78,3.0,14.34,2025,7,2,Wednesday,27,183,3,False,False,False,True,False,July,Weekday,1.5933333333333335,1.7544036826842861
2025-07-02,Breakfast,B,Soup,0.41,1.5,0.615,2025,7,2,Wednesday,27,183,3,False,False,False,False,False,July,Weekday,0.2733333333333333,0.3435897043900769
2025-07-02,Dinner,D,Rice,1.52,2.0,3.04,2025,7,2,Wednesday,27,183,3,False,False,False,False,False,July,Weekday,0.76,0.924258901523332
2025-07-02,Dinner,B,Soup,1.96,1.5,2.94,2025,7,2,Wednesday,27,183,3,False,False,False,False,False,July,Weekday,1.3066666666666666,1.085189268335969
2025-07-02,Dinner,D,Soup,1.8,1.5,2.7,2025,7,2,Wednesday,27,183,3,False,False,False,False,False,July,Weekday,1.2,1.0296194171811583
2025-07-02,Lunch,B,Meat,3.5,8.0,28.0,2025,7,2,Wednesday,27,183,3,False,False,True,False,False,July,Weekday,0.4375,1.5040773967762742
2025-07-02,Lunch,A,Soup,3.63,1.5,5.445,2025,7,2,Wednesday,27,183,3,False,False,False,False,False,July,Weekday,2.42,1.5325568680981427
2025-07-02,Dinner,A,Soup,4.0,1.5,6.0,2025,7,2,Wednesday,27,183,3,False,False,False,False,False,July,Weekday,2.6666666666666665,1.6094379124341003
2025-07-02,Lunch,C,Soup,4.87,1.5,7.305,2025,7,2,Wednesday,27,183,3,False,False,False,True,False,July,Weekday,3.2466666666666666,1.769854633840005
2025-07-02,Breakfast,C,Vegetables,1.69,3.0,5.07,2025,7,2,Wednesday,27,183,3,False,False,False,False,False,July,Weekday,0.5633333333333334,0.9895411936137477
2025-07-02,Dinner,C,Meat,4.11,8.0,32.88,2025,7,2,Wednesday,27,183,3,False,False,True,True,True,July,Weekday,0.51375,1.631199404215613
2025-07-02,Lunch,D,Meat,1.52,8.0,12.16,2025,7,2,Wednesday,27,183,3,False,False,False,False,False,July,Weekday,0.19,0.924258901523332
2025-07-02,Dinner,A,Meat,1.81,8.0,14.48,2025,7,2,Wednesday,27,183,3,False,False,False,False,False,July,Weekday,0.22625,1.0331844833456545
2025-07-02,Lunch,D,Soup,3.55,1.5,5.324999999999999,2025,7,2,Wednesday,27,183,3,False,False,False,False,False,July,Weekday,2.3666666666666667,1.515127232962859
2025-07-02,Lunch,C,Meat,2.83,8.0,22.64,2025,7,2,Wednesday,27,183,3,False,False,True,False,False,July,Weekday,0.35375,1.3428648031925547
2025-07-02,Lunch,A,Meat,1.84,8.0,14.72,2025,7,2,Wednesday,27,183,3,False,False,False,False,False,July,Weekday,0.23,1.0438040521731147
2025-07-02,Lunch,B,Vegetables,3.09,3.0,9.27,2025,7,2,Wednesday,27,183,3,False,False,False,False,False,July,Weekday,1.03,1.4085449700547104
2025-07-02,Breakfast,D,Soup,4.57,1.5,6.855,2025,7,2,Wednesday,27,183,3,False,False,False,True,False,July,Weekday,3.046666666666667,1.7173950539391927
2025-07-02,Lunch,C,Vegetables,1.2,3.0,3.5999999999999996,2025,7,2,Wednesday,27,183,3,False,False,False,False,False,July,Weekday,0.39999999999999997,0.7884573603642702
2025-07-02,Lunch,A,Vegetables,3.88,3.0,11.64,2025,7,2,Wednesday,27,183,3,False,False,False,False,False,July,Weekday,1.2933333333333332,1.5851452198650557
2025-07-02,Dinner,C,Rice,4.9,2.0,9.8,2025,7,2,Wednesday,27,183,3,False,False,False,True,False,July,Weekday,2.45,1.7749523509116738
2025-07-02,Dinner,A,Rice,1.65,2.0,3.3,2025,7,2,Wednesday,27,183,3,False,False,False,False,False,July,Weekday,0.825,0.9745596399981308
2025-07-03,Breakfast,D,Soup,2.13,1.5,3.195,2025,7,3,Thursday,27,184,3,False,False,False,False,False,July,Weekday,1.42,1.1410330045520618
2025-07-03,Lunch,C,Soup,4.82,1.5,7.23,2025,7,3,Thursday,27,184,3,False,False,False,True,False,July,Weekday,3.2133333333333334,1.7613002617433464
2025-07-03,Lunch,D,Soup,0.54,1.5,0.81,2025,7,3,Thursday,27,184,3,False,False,False,False,False,July,Weekday,0.36000000000000004,0.43178241642553783
2025-07-03,Breakfast,D,Rice,2.7,2.0,5.4,2025,7,3,Thursday,27,184,3,False,False,False,False,False,July,Weekday,1.35,1.308332819650179
2025-07-03,Lunch,B,Vegetables,2.09,3.0,6.27,2025,7,3,Thursday,27,184,3,False,False,False,False,False,July,Weekday,0.6966666666666667,1.128171090909654
2025-07-03,Dinner,B,Rice,4.57,2.0,9.14,2025,7,3,Thursday,27,184,3,False,False,False,True,False,July,Weekday,2.285,1.7173950539391927
2025-07-03,Dinner,A,Meat,2.72,8.0,21.76,2025,7,3,Thursday,27,184,3,False,False,False,False,False,July,Weekday,0.34,1.3137236682850553
2025-07-03,Dinner,C,Meat,4.99,8.0,39.92,2025,7,3,Thursday,27,184,3,False,False,True,True,True,July,Weekday,0.62375,1.790091412127358
2025-07-03,Lunch,A,Meat,0.59,8.0,4.72,2025,7,3,Thursday,27,184,3,False,False,False,False,False,July,Weekday,0.07375,0.46373401623214017
2025-07-03,Dinner,C,Rice,4.61,2.0,9.22,2025,7,3,Thursday,27,184,3,False,False,False,True,False,July,Weekday,2.305,1.724550719534605
2025-07-03,Lunch,B,Soup,4.68,1.5,7.02,2025,7,3,Thursday,27,184,3,False,False,False,True,False,July,Weekday,3.1199999999999997,1.7369512327330598
2025-07-03,Dinner,D,Meat,4.81,8.0,38.48,2025,7,3,Thursday,27,184,3,False,False,True,True,True,July,Weekday,0.60125,1.75958057086382
2025-07-03,Lunch,C,Meat,2.44,8.0,19.52,2025,7,3,Thursday,27,184,3,False,False,False,False,False,July,Weekday,0.305,1.235471471385307
2025-07-03,Dinner,B,Vegetables,4.42,3.0,13.26,2025,7,3,Thursday,27,184,3,False,False,False,True,False,July,Weekday,1.4733333333333334,1.6900958154515549
2025-07-03,Lunch,B,Meat,4.65,8.0,37.2,2025,7,3,Thursday,27,184,3,False,False,True,True,True,July,Weekday,0.58125,1.7316555451583495
2025-07-03,Lunch,A,Rice,3.62,2.0,7.24,2025,7,3,Thursday,27,184,3,False,False,False,False,False,July,Weekday,1.81,1.5303947050936475
2025-07-03,Breakfast,B,Meat,4.67,8.0,37.36,2025,7,3,Thursday,27,184,3,False,False,True,True,True,July,Weekday,0.58375,1.7351891177396608
2025-07-03,Dinner,D,Vegetables,4.64,3.0,13.919999999999998,2025,7,3,Thursday,27,184,3,False,False,False,True,False,July,Weekday,1.5466666666666666,1.7298840655099674
2025-07-03,Dinner,A,Vegetables,3.64,3.0,10.92,2025,7,3,Thursday,27,184,3,False,False,False,False,False,July,Weekday,1.2133333333333334,1.534714366238164
2025-07-03,Breakfast,C,Rice,3.12,2.0,6.24,2025,7,3,Thursday,27,184,3,False,False,False,False,False,July,Weekday,1.56,1.415853163361435
2025-07-03,Dinner,D,Rice,4.69,2.0,9.38,2025,7,3,Thursday,27,184,3,False,False,False,True,False,July,Weekday,2.345,1.7387102481382395
2025-07-03,Breakfast,C,Soup,3.38,1.5,5.07,2025,7,3,Thursday,27,184,3,False,False,False,False,False,July,Weekday,2.2533333333333334,1.4770487243883548
2025-07-03,Dinner,D,Soup,4.4,1.5,6.6000000000000005,2025,7,3,Thursday,27,184,3,False,False,False,True,False,July,Weekday,2.9333333333333336,1.6863989535702286
2025-07-03,Dinner,A,Rice,2.91,2.0,5.82,2025,7,3,Thursday,27,184,3,False,False,False,False,False,July,Weekday,1.455,1.3635373739972745
2025-07-03,Dinner,C,Soup,2.53,1.5,3.795,2025,7,3,Thursday,27,184,3,False,False,False,False,False,July,Weekday,1.6866666666666665,1.2612978709452054
2025-07-03,Breakfast,B,Soup,0.77,1.5,1.155,2025,7,3,Thursday,27,184,3,False,False,False,False,False,July,Weekday,0.5133333333333333,0.5709795465857378
2025-07-03,Dinner,B,Meat,0.96,8.0,7.68,2025,7,3,Thursday,27,184,3,False,False,False,False,False,July,Weekday,0.12,0.6729444732424258
2025-07-03,Lunch,D,Meat,3.26,8.0,26.08,2025,7,3,Thursday,27,184,3,False,False,True,False,False,July,Weekday,0.4075,1.449269160281279
2025-07-03,Breakfast,D,Vegetables,0.36,3.0,1.08,2025,7,3,Thursday,27,184,3,False,False,False,False,False,July,Weekday,0.12,0.3074846997479606
2025-07-03,Breakfast,C,Meat,2.98,8.0,23.84,2025,7,3,Thursday,27,184,3,False,False,True,False,False,July,Weekday,0.3725,1.3812818192963463
2025-07-03,Breakfast,B,Vegetables,3.51,3.0,10.53,2025,7,3,Thursday,27,184,3,False,False,False,False,False,July,Weekday,1.17,1.5062971535145868
2025-07-03,Lunch,A,Vegetables,3.88,3.0,11.64,2025,7,3,Thursday,27,184,3,False,False,False,False,False,July,Weekday,1.2933333333333332,1.5851452198650557
2025-07-03,Lunch,A,Soup,0.13,1.5,0.195,2025,7,3,Thursday,27,184,3,False,False,False,False,False,July,Weekday,0.08666666666666667,0.12221763272424921
2025-07-03,Breakfast,A,Rice,2.27,2.0,4.54,2025,7,3,Thursday,27,184,3,False,False,False,False,False,July,Weekday,1.135,1.184789984909162
2025-07-03,Lunch,C,Rice,4.4,2.0,8.8,2025,7,3,Thursday,27,184,3,False,False,False,True,False,July,Weekday,2.2,1.6863989535702286
2025-07-03,Dinner,A,Soup,4.69,1.5,7.035,2025,7,3,Thursday,27,184,3,False,False,False,True,False,July,Weekday,3.126666666666667,1.7387102481382395
2025-07-03,Lunch,D,Rice,1.67,2.0,3.34,2025,7,3,Thursday,27,184,3,False,False,False,False,False,July,Weekday,0.835,0.9820784724121581
2025-07-03,Breakfast,A,Meat,1.36,8.0,10.88,2025,7,3,Thursday,27,184,3,False,False,False,False,False,July,Weekday,0.17,0.8586616190375187
2025-07-03,Dinner,C,Vegetables,2.05,3.0,6.1499999999999995,2025,7,3,Thursday,27,184,3,False,False,False,False,False,July,Weekday,0.6833333333333332,1.11514159061932
2025-07-03,Lunch,D,Vegetables,4.55,3.0,13.649999999999999,2025,7,3,Thursday,27,184,3,False,False,False,True,False,July,Weekday,1.5166666666666666,1.713797927758343
2025-07-03,Breakfast,A,Vegetables,2.45,3.0,7.3500000000000005,2025,7,3,Thursday,27,184,3,False,False,False,False,False,July,Weekday,0.8166666666666668,1.2383742310432684
2025-07-03,Breakfast,C,Vegetables,1.29,3.0,3.87,2025,7,3,Thursday,27,184,3,False,False,False,False,False,July,Weekday,0.43,0.8285518175661483
2025-07-04,Breakfast,C,Meat,4.27,8.0,34.16,2025,7,4,Friday,27,185,3,False,False,True,True,True,July,Weekday,0.53375,1.6620303625532709
2025-07-04,Lunch,B,Vegetables,4.3,3.0,12.899999999999999,2025,7,4,Friday,27,185,3,False,False,False,True,False,July,Weekday,1.4333333333333333,1.667706820558076
2025-07-04,Lunch,C,Soup,3.38,1.5,5.07,2025,7,4,Friday,27,185,3,False,False,False,False,False,July,Weekday,2.2533333333333334,1.4770487243883548
2025-07-04,Lunch,B,Meat,0.96,8.0,7.68,2025,7,4,Friday,27,185,3,False,False,False,False,False,July,Weekday,0.12,0.6729444732424258
2025-07-04,Dinner,D,Soup,3.55,1.5,5.324999999999999,2025,7,4,Friday,27,185,3,False,False,False,False,False,July,Weekday,2.3666666666666667,1.515127232962859
2025-07-04,Lunch,A,Meat,3.71,8.0,29.68,2025,7,4,Friday,27,185,3,False,False,True,False,False,July,Weekday,0.46375,1.5496879080283263
2025-07-04,Breakfast,B,Meat,4.95,8.0,39.6,2025,7,4,Friday,27,185,3,False,False,True,True,True,July,Weekday,0.61875,1.7833912195575383
2025-07-04,Breakfast,C,Rice,4.7,2.0,9.4,2025,7,4,Friday,27,185,3,False,False,False,True,False,July,Weekday,2.35,1.7404661748405044
2025-07-04,Breakfast,A,Meat,2.88,8.0,23.04,2025,7,4,Friday,27,185,3,False,False,True,False,False,July,Weekday,0.36,1.355835153635182
2025-07-04,Lunch,D,Soup,1.32,1.5,1.98,2025,7,4,Friday,27,185,3,False,False,False,False,False,July,Weekday,0.88,0.8415671856782186
2025-07-04,Breakfast,A,Rice,0.15,2.0,0.3,2025,7,4,Friday,27,185,3,False,False,False,False,False,July,Weekday,0.075,0.13976194237515868
2025-07-04,Lunch,A,Rice,1.01,2.0,2.02,2025,7,4,Friday,27,185,3,False,False,False,False,False,July,Weekday,0.505,0.6981347220709844
2025-07-04,Dinner,C,Meat,0.4,8.0,3.2,2025,7,4,Friday,27,185,3,False,False,False,False,False,July,Weekday,0.05,0.33647223662121295
2025-07-04,Breakfast,D,Meat,0.9,8.0,7.2,2025,7,4,Friday,27,185,3,False,False,False,False,False,July,Weekday,0.1125,0.6418538861723948
2025-07-04,Lunch,D,Vegetables,1.69,3.0,5.07,2025,7,4,Friday,27,185,3,False,False,False,False,False,July,Weekday,0.5633333333333334,0.9895411936137477
2025-07-04,Breakfast,B,Vegetables,2.76,3.0,8.28,2025,7,4,Friday,27,185,3,False,False,False,False,False,July,Weekday,0.9199999999999999,1.324418957401803
2025-07-04,Dinner,B,Meat,3.64,8.0,29.12,2025,7,4,Friday,27,185,3,False,False,True,False,False,July,Weekday,0.455,1.534714366238164
2025-07-04,Lunch,B,Rice,3.81,2.0,7.62,2025,7,4,Friday,27,185,3,False,False,False,False,False,July,Weekday,1.905,1.5706970841176697
2025-07-04,Breakfast,D,Soup,1.36,1.5,2.04,2025,7,4,Friday,27,185,3,False,False,False,False,False,July,Weekday,0.9066666666666667,0.8586616190375187
2025-07-04,Breakfast,B,Soup,2.52,1.5,3.7800000000000002,2025,7,4,Friday,27,185,3,False,False,False,False,False,July,Weekday,1.68,1.2584609896100059
2025-07-04,Dinner,B,Soup,3.3,1.5,4.949999999999999,2025,7,4,Friday,27,185,3,False,False,False,False,False,July,Weekday,2.1999999999999997,1.4586150226995167
2025-07-04,Breakfast,B,Rice,1.49,2.0,2.98,2025,7,4,Friday,27,185,3,False,False,False,False,False,July,Weekday,0.745,0.9122827104766162
2025-07-04,Dinner,A,Meat,1.25,8.0,10.0,2025,7,4,Friday,27,185,3,False,False,False,False,False,July,Weekday,0.15625,0.8109302162163288
2025-07-04,Dinner,D,Vegetables,4.49,3.0,13.47,2025,7,4,Friday,27,185,3,False,False,False,True,False,July,Weekday,1.4966666666666668,1.7029282555214393
2025-07-04,Dinner,D,Meat,2.56,8.0,20.48,2025,7,4,Friday,27,185,3,False,False,False,False,False,July,Weekday,0.32,1.269760544863939
2025-07-04,Lunch,A,Soup,2.88,1.5,4.32,2025,7,4,Friday,27,185,3,False,False,False,False,False,July,Weekday,1.92,1.355835153635182
2025-07-04,Dinner,B,Rice,1.58,2.0,3.16,2025,7,4,Friday,27,185,3,False,False,False,False,False,July,Weekday,0.79,0.9477893989335261
2025-07-04,Lunch,A,Vegetables,3.97,3.0,11.91,2025,7,4,Friday,27,185,3,False,False,False,False,False,July,Weekday,1.3233333333333335,1.6034198401085373
2025-07-04,Dinner,B,Vegetables,0.16,3.0,0.48,2025,7,4,Friday,27,185,3,False,False,False,False,False,July,Weekday,0.05333333333333334,0.14842000511827327
2025-07-04,Lunch,B,Soup,4.5,1.5,6.75,2025,7,4,Friday,27,185,3,False,False,False,True,False,July,Weekday,3.0,1.7047480922384253
2025-07-04,Dinner,A,Vegetables,3.79,3.0,11.370000000000001,2025,7,4,Friday,27,185,3,False,False,False,False,False,July,Weekday,1.2633333333333334,1.5665304114228238
2025-07-04,Breakfast,A,Soup,4.92,1.5,7.38,2025,7,4,Friday,27,185,3,False,False,False,True,False,July,Weekday,3.28,1.7783364488959144
2025-07-04,Dinner,C,Rice,3.49,2.0,6.98,2025,7,4,Friday,27,185,3,False,False,False,False,False,July,Weekday,1.745,1.501852701754163
2025-07-04,Breakfast,D,Rice,0.65,2.0,1.3,2025,7,4,Friday,27,185,3,False,False,False,False,False,July,Weekday,0.325,0.5007752879124893
2025-07-04,Lunch,D,Rice,1.01,2.0,2.02,2025,7,4,Friday,27,185,3,False,False,False,False,False,July,Weekday,0.505,0.6981347220709844
2025-07-04,Breakfast,C,Vegetables,2.39,3.0,7.17,2025,7,4,Friday,27,185,3,False,False,False,False,False,July,Weekday,0.7966666666666667,1.220829921392359
2025-07-04,Lunch,C,Rice,4.15,2.0,8.3,2025,7,4,Friday,27,185,3,False,False,False,True,False,July,Weekday,2.075,1.6389967146756448
2025-07-04,Lunch,D,Meat,0.79,8.0,6.32,2025,7,4,Friday,27,185,3,False,False,False,False,False,July,Weekday,0.09875,0.5822156198526637
2025-07-04,Dinner,C,Vegetables,0.68,3.0,2.04,2025,7,4,Friday,27,185,3,False,False,False,False,False,July,Weekday,0.22666666666666668,0.5187937934151676
2025-07-04,Breakfast,A,Vegetables,0.63,3.0,1.8900000000000001,2025,7,4,Friday,27,185,3,False,False,False,False,False,July,Weekday,0.21,0.48858001481867097
2025-07-04,Breakfast,D,Vegetables,2.35,3.0,7.050000000000001,2025,7,4,Friday,27,185,3,False,False,False,False,False,July,Weekday,0.7833333333333333,1.208960345836975
2025-07-04,Dinner,D,Rice,2.09,2.0,4.18,2025,7,4,Friday,27,185,3,False,False,False,False,False,July,Weekday,1.045,1.128171090909654
2025-07-04,Dinner,A,Soup,4.77,1.5,7.154999999999999,2025,7,4,Friday,27,185,3,False,False,False,True,False,July,Weekday,3.1799999999999997,1.752672080520008
2025-07-04,Breakfast,C,Soup,1.04,1.5,1.56,2025,7,4,Friday,27,185,3,False,False,False,False,False,July,Weekday,0.6933333333333334,0.712949807856125
2025-07-05,Dinner,D,Meat,4.1,8.0,32.8,2025,7,5,Saturday,27,186,3,True,False,True,True,True,July,Weekend,0.5125,1.62924053973028
2025-07-05,Lunch,B,Meat,3.55,8.0,28.4,2025,7,5,Saturday,27,186,3,True,False,True,False,False,July,Weekend,0.44375,1.515127232962859
2025-07-05,Lunch,D,Meat,1.71,8.0,13.68,2025,7,5,Saturday,27,186,3,True,False,False,False,False,July,Weekend,0.21375,0.9969486348916095
2025-07-05,Dinner,A,Vegetables,0.55,3.0,1.6500000000000001,2025,7,5,Saturday,27,186,3,True,False,False,False,False,July,Weekend,0.18333333333333335,0.4382549309311553
2025-07-05,Breakfast,D,Rice,2.41,2.0,4.82,2025,7,5,Saturday,27,186,3,True,False,False,False,False,July,Weekend,1.205,1.2267122912954256
2025-07-05,Lunch,C,Vegetables,2.58,3.0,7.74,2025,7,5,Saturday,27,186,3,True,False,False,False,False,July,Weekend,0.86,1.275362800412609
2025-07-05,Dinner,B,Vegetables,2.61,3.0,7.83,2025,7,5,Saturday,27,186,3,True,False,False,False,False,July,Weekend,0.87,1.2837077723447896
2025-07-05,Lunch,A,Soup,0.5,1.5,0.75,2025,7,5,Saturday,27,186,3,True,False,False,False,False,July,Weekend,0.3333333333333333,0.4054651081081644
2025-07-05,Dinner,B,Soup,2.34,1.5,3.51,2025,7,5,Saturday,27,186,3,True,False,False,False,False,July,Weekend,1.5599999999999998,1.205970806988609
2025-07-05,Breakfast,D,Meat,2.73,8.0,21.84,2025,7,5,Saturday,27,186,3,True,False,False,False,False,July,Weekend,0.34125,1.3164082336557241
2025-07-05,Lunch,B,Soup,2.86,1.5,4.29,2025,7,5,Saturday,27,186,3,True,False,False,False,False,July,Weekend,1.9066666666666665,1.3506671834767394
2025-07-05,Dinner,B,Rice,4.06,2.0,8.12,2025,7,5,Saturday,27,186,3,True,False,False,True,False,July,Weekend,2.03,1.6213664832993742
2025-07-05,Dinner,C,Meat,2.37,8.0,18.96,2025,7,5,Saturday,27,186,3,True,False,False,False,False,July,Weekend,0.29625,1.2149127443642704
2025-07-05,Dinner,C,Vegetables,4.05,3.0,12.149999999999999,2025,7,5,Saturday,27,186,3,True,False,False,True,False,July,Weekend,1.3499999999999999,1.6193882432872684
2025-07-05,Breakfast,C,Meat,3.07,8.0,24.56,2025,7,5,Saturday,27,186,3,True,False,True,False,False,July,Weekend,0.38375,1.4036429994545037
2025-07-05,Breakfast,C,Soup,2.79,1.5,4.1850000000000005,2025,7,5,Saturday,27,186,3,True,False,False,False,False,July,Weekend,1.86,1.332366019094335
2025-07-05,Breakfast,B,Soup,0.85,1.5,1.275,2025,7,5,Saturday,27,186,3,True,False,False,False,False,July,Weekend,0.5666666666666667,0.6151856390902335
2025-07-05,Lunch,A,Meat,3.8,8.0,30.4,2025,7,5,Saturday,27,186,3,True,False,True,False,True,July,Weekend,0.475,1.5686159179138452
2025-07-05,Breakfast,A,Soup,1.55,1.5,2.325,2025,7,5,Saturday,27,186,3,True,False,False,False,False,July,Weekend,1.0333333333333334,0.9360933591703348
2025-07-05,Dinner,C,Soup,3.64,1.5,5.46,2025,7,5,Saturday,27,186,3,True,False,False,False,False,July,Weekend,2.4266666666666667,1.534714366238164
2025-07-05,Breakfast,B,Meat,1.17,8.0,9.36,2025,7,5,Saturday,27,186,3,True,False,False,False,False,July,Weekend,0.14625,0.7747271675523681
2025-07-05,Lunch,C,Meat,2.78,8.0,22.24,2025,7,5,Saturday,27,186,3,True,False,True,False,False,July,Weekend,0.3475,1.3297240096314962
2025-07-05,Lunch,B,Rice,2.29,2.0,4.58,2025,7,5,Saturday,27,186,3,True,False,False,False,False,July,Weekend,1.145,1.1908875647772805
2025-07-05,Breakfast,D,Soup,1.17,1.5,1.755,2025,7,5,Saturday,27,186,3,True,False,False,False,False,July,Weekend,0.7799999999999999,0.7747271675523681
2025-07-05,Breakfast,B,Rice,3.11,2.0,6.22,2025,7,5,Saturday,27,186,3,True,False,False,False,False,July,Weekend,1.555,1.4134230285081433
2025-07-05,Dinner,D,Soup,2.93,1.5,4.3950000000000005,2025,7,5,Saturday,27,186,3,True,False,False,False,False,July,Weekend,1.9533333333333334,1.3686394258811698
2025-07-05,Breakfast,D,Vegetables,3.35,3.0,10.05,2025,7,5,Saturday,27,186,3,True,False,False,False,False,July,Weekend,1.1166666666666667,1.4701758451005928
2025-07-05,Dinner,A,Meat,2.96,8.0,23.68,2025,7,5,Saturday,27,186,3,True,False,True,False,False,July,Weekend,0.37,1.3762440252663892
2025-07-05,Dinner,B,Meat,2.32,8.0,18.56,2025,7,5,Saturday,27,186,3,True,False,False,False,False,July,Weekend,0.29,1.199964782928397
2025-07-05,Lunch,A,Vegetables,4.38,3.0,13.14,2025,7,5,Saturday,27,186,3,True,False,False,True,False,July,Weekend,1.46,1.682688374173693
2025-07-05,Dinner,A,Soup,2.6,1.5,3.9000000000000004,2025,7,5,Saturday,27,186,3,True,False,False,False,False,July,Weekend,1.7333333333333334,1.2809338454620645
2025-07-05,Lunch,B,Vegetables,0.48,3.0,1.44,2025,7,5,Saturday,27,186,3,True,False,False,False,False,July,Weekend,0.16,0.3920420877760237
2025-07-05,Lunch,D,Vegetables,2.65,3.0,7.949999999999999,2025,7,5,Saturday,27,186,3,True,False,False,False,False,July,Weekend,0.8833333333333333,1.2947271675944
2025-07-05,Lunch,A,Rice,1.31,2.0,2.62,2025,7,5,Saturday,27,186,3,True,False,False,False,False,July,Weekend,0.655,0.8372475245337022
2025-07-05,Lunch,C,Rice,0.4,2.0,0.8,2025,7,5,Saturday,27,186,3,True,False,False,False,False,July,Weekend,0.2,0.33647223662121295
2025-07-05,Dinner,D,Vegetables,3.75,3.0,11.25,2025,7,5,Saturday,27,186,3,True,False,False,False,False,July,Weekend,1.25,1.55814461804655
2025-07-05,Lunch,C,Soup,2.91,1.5,4.365,2025,7,5,Saturday,27,186,3,True,False,False,False,False,July,Weekend,1.9400000000000002,1.3635373739972745
2025-07-05,Dinner,D,Rice,2.04,2.0,4.08,2025,7,5,Saturday,27,186,3,True,False,False,False,False,July,Weekend,1.02,1.1118575154181303
2025-07-05,Dinner,C,Rice,0.38,2.0,0.76,2025,7,5,Saturday,27,186,3,True,False,False,False,False,July,Weekend,0.19,0.32208349916911333
2025-07-05,Breakfast,C,Rice,3.76,2.0,7.52,2025,7,5,Saturday,27,186,3,True,False,False,False,False,July,Weekend,1.88,1.5602476682433286
2025-07-06,Dinner,D,Rice,3.85,2.0,7.7,2025,7,6,Sunday,27,187,3,True,False,False,False,False,July,Weekend,1.925,1.578978704949392
2025-07-06,Breakfast,C,Vegetables,3.85,3.0,11.55,2025,7,6,Sunday,27,187,3,True,False,False,False,False,July,Weekend,1.2833333333333334,1.578978704949392
2025-07-06,Dinner,A,Vegetables,2.71,3.0,8.129999999999999,2025,7,6,Sunday,27,187,3,True,False,False,False,False,July,Weekend,0.9033333333333333,1.3110318766193438
2025-07-06,Breakfast,B,Soup,0.26,1.5,0.39,2025,7,6,Sunday,27,187,3,True,False,False,False,False,July,Weekend,0.17333333333333334,0.23111172096338664
2025-07-06,Dinner,A,Meat,2.77,8.0,22.16,2025,7,6,Sunday,27,187,3,True,False,True,False,False,July,Weekend,0.34625,1.3270750014599193
2025-07-06,Dinner,D,Vegetables,0.18,3.0,0.54,2025,7,6,Sunday,27,187,3,True,False,False,False,False,July,Weekend,0.06,0.16551443847757338
2025-07-06,Dinner,D,Meat,4.43,8.0,35.44,2025,7,6,Sunday,27,187,3,True,False,True,True,True,July,Weekend,0.55375,1.691939133945844
2025-07-06,Breakfast,A,Meat,1.79,8.0,14.32,2025,7,6,Sunday,27,187,3,True,False,False,False,False,July,Weekend,0.22375,1.0260415958332743
2025-07-06,Dinner,B,Meat,1.8,8.0,14.4,2025,7,6,Sunday,27,187,3,True,False,False,False,False,July,Weekend,0.225,1.0296194171811583
2025-07-06,Lunch,D,Rice,1.19,2.0,2.38,2025,7,6,Sunday,27,187,3,True,False,False,False,False,July,Weekend,0.595,0.7839015438284094
2025-07-06,Dinner,C,Vegetables,4.07,3.0,12.21,2025,7,6,Sunday,27,187,3,True,False,False,True,False,July,Weekend,1.3566666666666667,1.623340817603092
2025-07-06,Breakfast,D,Vegetables,4.96,3.0,14.879999999999999,2025,7,6,Sunday,27,187,3,True,False,False,True,False,July,Weekend,1.6533333333333333,1.7850704810772584
2025-07-06,Lunch,D,Soup,1.56,1.5,2.34,2025,7,6,Sunday,27,187,3,True,False,False,False,False,July,Weekend,1.04,0.9400072584914712
2025-07-06,Breakfast,B,Rice,4.68,2.0,9.36,2025,7,6,Sunday,27,187,3,True,False,False,True,False,July,Weekend,2.34,1.7369512327330598
2025-07-06,Lunch,B,Soup,1.8,1.5,2.7,2025,7,6,Sunday,27,187,3,True,False,False,False,False,July,Weekend,1.2,1.0296194171811583
2025-07-06,Lunch,D,Vegetables,0.21,3.0,0.63,2025,7,6,Sunday,27,187,3,True,False,False,False,False,July,Weekend,0.06999999999999999,0.1906203596086497
2025-07-06,Breakfast,A,Soup,4.97,1.5,7.455,2025,7,6,Sunday,27,187,3,True,False,False,True,False,July,Weekend,3.313333333333333,1.7867469274045107
2025-07-06,Breakfast,C,Meat,3.87,8.0,30.96,2025,7,6,Sunday,27,187,3,True,False,True,False,True,July,Weekend,0.48375,1.5830939370944985
2025-07-06,Dinner,B,Rice,1.31,2.0,2.62,2025,7,6,Sunday,27,187,3,True,False,False,False,False,July,Weekend,0.655,0.8372475245337022
2025-07-06,Dinner,A,Soup,4.13,1.5,6.195,2025,7,6,Sunday,27,187,3,True,False,False,True,False,July,Weekend,2.7533333333333334,1.635105659182678
2025-07-06,Breakfast,A,Vegetables,0.41,3.0,1.23,2025,7,6,Sunday,27,187,3,True,False,False,False,False,July,Weekend,0.13666666666666666,0.3435897043900769
2025-07-06,Dinner,C,Rice,3.65,2.0,7.3,2025,7,6,Sunday,27,187,3,True,False,False,False,False,July,Weekend,1.825,1.536867219599265
2025-07-06,Breakfast,B,Meat,0.44,8.0,3.52,2025,7,6,Sunday,27,187,3,True,False,False,False,False,July,Weekend,0.055,0.36464311358790924
2025-07-06,Lunch,B,Meat,2.74,8.0,21.92,2025,7,6,Sunday,27,187,3,True,False,False,False,False,July,Weekend,0.3425,1.3190856114264407
2025-07-06,Breakfast,D,Rice,3.26,2.0,6.52,2025,7,6,Sunday,27,187,3,True,False,False,False,False,July,Weekend,1.63,1.449269160281279
2025-07-06,Lunch,D,Meat,0.12,8.0,0.96,2025,7,6,Sunday,27,187,3,True,False,False,False,False,July,Weekend,0.015,0.11332868530700317
2025-07-06,Lunch,A,Meat,4.54,8.0,36.32,2025,7,6,Sunday,27,187,3,True,False,True,True,True,July,Weekend,0.5675,1.7119945007591926
2025-07-06,Lunch,C,Rice,0.97,2.0,1.94,2025,7,6,Sunday,27,187,3,True,False,False,False,False,July,Weekend,0.485,0.6780335427498971
2025-07-06,Lunch,C,Vegetables,2.69,3.0,8.07,2025,7,6,Sunday,27,187,3,True,False,False,False,False,July,Weekend,0.8966666666666666,1.3056264580524357
2025-07-06,Lunch,B,Vegetables,3.3,3.0,9.899999999999999,2025,7,6,Sunday,27,187,3,True,False,False,False,False,July,Weekend,1.0999999999999999,1.4586150226995167
2025-07-06,Breakfast,C,Rice,2.1,2.0,4.2,2025,7,6,Sunday,27,187,3,True,False,False,False,False,July,Weekend,1.05,1.1314021114911006
2025-07-06,Breakfast,C,Soup,4.89,1.5,7.334999999999999,2025,7,6,Sunday,27,187,3,True,False,False,True,False,July,Weekend,3.26,1.7732559976634952
2025-07-06,Dinner,A,Rice,3.4,2.0,6.8,2025,7,6,Sunday,27,187,3,True,False,False,False,False,July,Weekend,1.7,1.4816045409242156
2025-07-06,Lunch,A,Rice,4.36,2.0,8.72,2025,7,6,Sunday,27,187,3,True,False,False,True,False,July,Weekend,2.18,1.6789639750827106
2025-07-06,Dinner,D,Soup,1.11,1.5,1.665,2025,7,6,Sunday,27,187,3,True,False,False,False,False,July,Weekend,0.7400000000000001,0.7466879474879752
2025-07-06,Breakfast,D,Meat,2.16,8.0,17.28,2025,7,6,Sunday,27,187,3,True,False,False,False,False,July,Weekend,0.27,1.1505720275988207
2025-07-06,Dinner,C,Meat,0.65,8.0,5.2,2025,7,6,Sunday,27,187,3,True,False,False,False,False,July,Weekend,0.08125,0.5007752879124893
2025-07-06,Lunch,C,Soup,3.67,1.5,5.505,2025,7,6,Sunday,27,187,3,True,False,False,False,False,July,Weekend,2.4466666666666668,1.541159071680806
2025-07-06,Breakfast,B,Vegetables,4.68,3.0,14.04,2025,7,6,Sunday,27,187,3,True,False,False,True,False,July,Weekend,1.5599999999999998,1.7369512327330598
2025-07-06,Lunch,A,Soup,3.45,1.5,5.175000000000001,2025,7,6,Sunday,27,187,3,True,False,False,False,False,July,Weekend,2.3000000000000003,1.4929040961781488
2025-07-06,Lunch,B,Rice,3.34,2.0,6.68,2025,7,6,Sunday,27,187,3,True,False,False,False,False,July,Weekend,1.67,1.4678743481123135
2025-07-06,Dinner,B,Soup,4.69,1.5,7.035,2025,7,6,Sunday,27,187,3,True,False,False,True,False,July,Weekend,3.126666666666667,1.7387102481382395
2025-07-06,Lunch,C,Meat,2.73,8.0,21.84,2025,7,6,Sunday,27,187,3,True,False,False,False,False,July,Weekend,0.34125,1.3164082336557241
2025-07-06,Breakfast,A,Rice,0.32,2.0,0.64,2025,7,6,Sunday,27,187,3,True,False,False,False,False,July,Weekend,0.16,0.2776317365982795
2025-07-07,Lunch,A,Rice,3.03,2.0,6.06,2025,7,7,Monday,28,188,3,False,False,False,False,False,July,Weekday,1.515,1.3937663759585917
2025-07-07,Dinner,B,Vegetables,1.94,3.0,5.82,2025,7,7,Monday,28,188,3,False,False,False,False,False,July,Weekday,0.6466666666666666,1.0784095813505903
2025-07-07,Lunch,C,Vegetables,4.41,3.0,13.23,2025,7,7,Monday,28,188,3,False,False,False,True,False,July,Weekday,1.47,1.6882490928583902
2025-07-07,Dinner,D,Meat,4.58,8.0,36.64,2025,7,7,Monday,28,188,3,False,False,True,True,True,July,Weekday,0.5725,1.7191887763932197
2025-07-07,Breakfast,D,Meat,4.1,8.0,32.8,2025,7,7,Monday,28,188,3,False,False,True,True,True,July,Weekday,0.5125,1.62924053973028
2025-07-07,Dinner,A,Soup,1.66,1.5,2.4899999999999998,2025,7,7,Monday,28,188,3,False,False,False,False,False,July,Weekday,1.1066666666666667,0.9783261227936076
2025-07-07,Breakfast,C,Vegetables,0.38,3.0,1.1400000000000001,2025,7,7,Monday,28,188,3,False,False,False,False,False,July,Weekday,0.12666666666666668,0.32208349916911333
2025-07-07,Breakfast,D,Soup,1.66,1.5,2.4899999999999998,2025,7,7,Monday,28,188,3,False,False,False,False,False,July,Weekday,1.1066666666666667,0.9783261227936076
2025-07-07,Breakfast,C,Soup,2.57,1.5,3.8549999999999995,2025,7,7,Monday,28,188,3,False,False,False,False,False,July,Weekday,1.7133333333333332,1.2725655957915476
2025-07-07,Breakfast,B,Soup,1.25,1.5,1.875,2025,7,7,Monday,28,188,3,False,False,False,False,False,July,Weekday,0.8333333333333334,0.8109302162163288
2025-07-07,Lunch,C,Rice,0.4,2.0,0.8,2025,7,7,Monday,28,188,3,False,False,False,False,False,July,Weekday,0.2,0.33647223662121295
2025-07-07,Dinner,A,Meat,3.39,8.0,27.12,2025,7,7,Monday,28,188,3,False,False,True,False,False,July,Weekday,0.42375,1.47932922708708
2025-07-07,Dinner,D,Rice,4.05,2.0,8.1,2025,7,7,Monday,28,188,3,False,False,False,True,False,July,Weekday,2.025,1.6193882432872684
2025-07-07,Dinner,A,Rice,4.71,2.0,9.42,2025,7,7,Monday,28,188,3,False,False,False,True,False,July,Weekday,2.355,1.7422190236679187
2025-07-07,Dinner,C,Rice,2.42,2.0,4.84,2025,7,7,Monday,28,188,3,False,False,False,False,False,July,Weekday,1.21,1.2296405510745139
2025-07-07,Dinner,B,Meat,0.83,8.0,6.64,2025,7,7,Monday,28,188,3,False,False,False,False,False,July,Weekday,0.10375,0.6043159668533296
2025-07-07,Breakfast,C,Rice,1.16,2.0,2.32,2025,7,7,Monday,28,188,3,False,False,False,False,False,July,Weekday,0.58,0.7701082216960736
2025-07-07,Lunch,B,Soup,1.57,1.5,2.355,2025,7,7,Monday,28,188,3,False,False,False,False,False,July,Weekday,1.0466666666666666,0.9439058989071285
2025-07-07,Breakfast,A,Vegetables,3.03,3.0,9.09,2025,7,7,Monday,28,188,3,False,False,False,False,False,July,Weekday,1.01,1.3937663759585917
2025-07-07,Dinner,B,Rice,2.14,2.0,4.28,2025,7,7,Monday,28,188,3,False,False,False,False,False,July,Weekday,1.07,1.144222799920162
2025-07-07,Lunch,B,Vegetables,1.18,3.0,3.54,2025,7,7,Monday,28,188,3,False,False,False,False,False,July,Weekday,0.3933333333333333,0.7793248768009976
2025-07-07,Dinner,B,Soup,3.8,1.5,5.699999999999999,2025,7,7,Monday,28,188,3,False,False,False,False,False,July,Weekday,2.533333333333333,1.5686159179138452
2025-07-07,Breakfast,D,Rice,1.52,2.0,3.04,2025,7,7,Monday,28,188,3,False,False,False,False,False,July,Weekday,0.76,0.924258901523332
2025-07-07,Lunch,D,Soup,4.86,1.5,7.290000000000001,2025,7,7,Monday,28,188,3,False,False,False,True,False,July,Weekday,3.24,1.7681496035889213
2025-07-07,Breakfast,B,Rice,0.34,2.0,0.68,2025,7,7,Monday,28,188,3,False,False,False,False,False,July,Weekday,0.17,0.29266961396282
2025-07-07,Lunch,A,Meat,3.4,8.0,27.2,2025,7,7,Monday,28,188,3,False,False,True,False,False,July,Weekday,0.425,1.4816045409242156
2025-07-07,Dinner,C,Meat,4.26,8.0,34.08,2025,7,7,Monday,28,188,3,False,False,True,True,True,July,Weekday,0.5325,1.6601310267496183
2025-07-07,Lunch,D,Rice,3.17,2.0,6.34,2025,7,7,Monday,28,188,3,False,False,False,False,False,July,Weekday,1.585,1.4279160358107101
2025-07-07,Lunch,D,Meat,2.19,8.0,17.52,2025,7,7,Monday,28,188,3,False,False,False,False,False,July,Weekday,0.27375,1.1600209167967532
2025-07-07,Lunch,A,Vegetables,1.67,3.0,5.01,2025,7,7,Monday,28,188,3,False,False,False,False,False,July,Weekday,0.5566666666666666,0.9820784724121581
2025-07-07,Breakfast,B,Vegetables,2.07,3.0,6.209999999999999,2025,7,7,Monday,28,188,3,False,False,False,False,False,July,Weekday,0.69,1.1216775615991057
2025-07-07,Dinner,C,Vegetables,1.57,3.0,4.71,2025,7,7,Monday,28,188,3,False,False,False,False,False,July,Weekday,0.5233333333333333,0.9439058989071285
2025-07-07,Breakfast,B,Meat,3.73,8.0,29.84,2025,7,7,Monday,28,188,3,False,False,True,False,False,July,Weekday,0.46625,1.5539252025038417
2025-07-07,Breakfast,A,Rice,0.59,2.0,1.18,2025,7,7,Monday,28,188,3,False,False,False,False,False,July,Weekday,0.295,0.46373401623214017
2025-07-07,Breakfast,A,Soup,3.55,1.5,5.324999999999999,2025,7,7,Monday,28,188,3,False,False,False,False,False,July,Weekday,2.3666666666666667,1.515127232962859
2025-07-07,Lunch,C,Meat,4.75,8.0,38.0,2025,7,7,Monday,28,188,3,False,False,True,True,True,July,Weekday,0.59375,1.749199854809259
2025-07-07,Breakfast,A,Meat,0.26,8.0,2.08,2025,7,7,Monday,28,188,3,False,False,False,False,False,July,Weekday,0.0325,0.23111172096338664
2025-07-07,Lunch,B,Rice,0.8,2.0,1.6,2025,7,7,Monday,28,188,3,False,False,False,False,False,July,Weekday,0.4,0.5877866649021191
2025-07-07,Breakfast,D,Vegetables,3.68,3.0,11.040000000000001,2025,7,7,Monday,28,188,3,False,False,False,False,False,July,Weekday,1.2266666666666668,1.5432981099295553
2025-07-07,Lunch,D,Vegetables,2.53,3.0,7.59,2025,7,7,Monday,28,188,3,False,False,False,False,False,July,Weekday,0.8433333333333333,1.2612978709452054
2025-07-07,Lunch,B,Meat,3.34,8.0,26.72,2025,7,7,Monday,28,188,3,False,False,True,False,False,July,Weekday,0.4175,1.4678743481123135
2025-07-07,Dinner,D,Soup,4.84,1.5,7.26,2025,7,7,Monday,28,188,3,False,False,False,True,False,July,Weekday,3.2266666666666666,1.7647307968401358
2025-07-08,Lunch,A,Meat,2.84,8.0,22.72,2025,7,8,Tuesday,28,189,3,False,False,True,False,False,July,Weekday,0.355,1.3454723665996355
2025-07-08,Dinner,A,Soup,2.71,1.5,4.0649999999999995,2025,7,8,Tuesday,28,189,3,False,False,False,False,False,July,Weekday,1.8066666666666666,1.3110318766193438
2025-07-08,Dinner,C,Meat,4.91,8.0,39.28,2025,7,8,Tuesday,28,189,3,False,False,True,True,True,July,Weekday,0.61375,1.776645831418007
2025-07-08,Lunch,D,Vegetables,1.1,3.0,3.3000000000000003,2025,7,8,Tuesday,28,189,3,False,False,False,False,False,July,Weekday,0.3666666666666667,0.7419373447293773
2025-07-08,Dinner,B,Rice,1.86,2.0,3.72,2025,7,8,Tuesday,28,189,3,False,False,False,False,False,July,Weekday,0.93,1.0508216248317612
2025-07-08,Dinner,D,Vegetables,2.13,3.0,6.39,2025,7,8,Tuesday,28,189,3,False,False,False,False,False,July,Weekday,0.71,1.1410330045520618
2025-07-08,Dinner,A,Rice,2.81,2.0,5.62,2025,7,8,Tuesday,28,189,3,False,False,False,False,False,July,Weekday,1.405,1.3376291891386096
2025-07-08,Dinner,D,Meat,1.92,8.0,15.36,2025,7,8,Tuesday,28,189,3,False,False,False,False,False,July,Weekday,0.24,1.0715836162801904
2025-07-08,Lunch,B,Soup,4.69,1.5,7.035,2025,7,8,Tuesday,28,189,3,False,False,False,True,False,July,Weekday,3.126666666666667,1.7387102481382395
2025-07-08,Lunch,D,Rice,1.29,2.0,2.58,2025,7,8,Tuesday,28,189,3,False,False,False,False,False,July,Weekday,0.645,0.8285518175661483
2025-07-08,Dinner,B,Vegetables,2.61,3.0,7.83,2025,7,8,Tuesday,28,189,3,False,False,False,False,False,July,Weekday,0.87,1.2837077723447896
2025-07-08,Lunch,C,Soup,2.45,1.5,3.6750000000000003,2025,7,8,Tuesday,28,189,3,False,False,False,False,False,July,Weekday,1.6333333333333335,1.2383742310432684
2025-07-08,Breakfast,C,Rice,3.65,2.0,7.3,2025,7,8,Tuesday,28,189,3,False,False,False,False,False,July,Weekday,1.825,1.536867219599265
2025-07-08,Lunch,B,Rice,1.73,2.0,3.46,2025,7,8,Tuesday,28,189,3,False,False,False,False,False,July,Weekday,0.865,1.0043016091968684
2025-07-08,Breakfast,C,Meat,1.03,8.0,8.24,2025,7,8,Tuesday,28,189,3,False,False,False,False,False,July,Weekday,0.12875,0.708035793053696
2025-07-08,Lunch,A,Rice,3.65,2.0,7.3,2025,7,8,Tuesday,28,189,3,False,False,False,False,False,July,Weekday,1.825,1.536867219599265
2025-07-08,Lunch,A,Vegetables,2.45,3.0,7.3500000000000005,2025,7,8,Tuesday,28,189,3,False,False,False,False,False,July,Weekday,0.8166666666666668,1.2383742310432684
2025-07-08,Lunch,D,Meat,3.06,8.0,24.48,2025,7,8,Tuesday,28,189,3,False,False,True,False,False,July,Weekday,0.3825,1.4011829736136412
2025-07-08,Dinner,C,Vegetables,2.4,3.0,7.199999999999999,2025,7,8,Tuesday,28,189,3,False,False,False,False,False,July,Weekday,0.7999999999999999,1.2237754316221157
2025-07-08,Breakfast,B,Meat,4.62,8.0,36.96,2025,7,8,Tuesday,28,189,3,False,False,True,True,True,July,Weekday,0.5775,1.7263316639055997
2025-07-08,Breakfast,B,Soup,0.55,1.5,0.8250000000000001,2025,7,8,Tuesday,28,189,3,False,False,False,False,False,July,Weekday,0.3666666666666667,0.4382549309311553
2025-07-08,Breakfast,D,Rice,3.05,2.0,6.1,2025,7,8,Tuesday,28,189,3,False,False,False,False,False,July,Weekday,1.525,1.3987168811184478
2025-07-08,Lunch,C,Vegetables,5.0,3.0,15.0,2025,7,8,Tuesday,28,189,3,False,False,False,True,False,July,Weekday,1.6666666666666667,1.791759469228055
2025-07-08,Dinner,C,Rice,0.58,2.0,1.16,2025,7,8,Tuesday,28,189,3,False,False,False,False,False,July,Weekday,0.29,0.4574248470388754
2025-07-08,Dinner,D,Soup,2.86,1.5,4.29,2025,7,8,Tuesday,28,189,3,False,False,False,False,False,July,Weekday,1.9066666666666665,1.3506671834767394
2025-07-08,Breakfast,D,Meat,4.38,8.0,35.04,2025,7,8,Tuesday,28,189,3,False,False,True,True,True,July,Weekday,0.5475,1.682688374173693
2025-07-08,Dinner,A,Vegetables,1.97,3.0,5.91,2025,7,8,Tuesday,28,189,3,False,False,False,False,False,July,Weekday,0.6566666666666666,1.0885619528146082
2025-07-08,Lunch,B,Vegetables,0.18,3.0,0.54,2025,7,8,Tuesday,28,189,3,False,False,False,False,False,July,Weekday,0.06,0.16551443847757338
2025-07-08,Breakfast,A,Vegetables,1.29,3.0,3.87,2025,7,8,Tuesday,28,189,3,False,False,False,False,False,July,Weekday,0.43,0.8285518175661483
2025-07-08,Breakfast,B,Vegetables,4.25,3.0,12.75,2025,7,8,Tuesday,28,189,3,False,False,False,True,False,July,Weekday,1.4166666666666667,1.6582280766035324
2025-07-08,Dinner,D,Rice,4.58,2.0,9.16,2025,7,8,Tuesday,28,189,3,False,False,False,True,False,July,Weekday,2.29,1.7191887763932197
2025-07-08,Breakfast,C,Soup,3.4,1.5,5.1,2025,7,8,Tuesday,28,189,3,False,False,False,False,False,July,Weekday,2.2666666666666666,1.4816045409242156
2025-07-08,Dinner,C,Soup,4.21,1.5,6.3149999999999995,2025,7,8,Tuesday,28,189,3,False,False,False,True,False,July,Weekday,2.8066666666666666,1.6505798557652755
2025-07-08,Breakfast,A,Soup,1.1,1.5,1.6500000000000001,2025,7,8,Tuesday,28,189,3,False,False,False,False,False,July,Weekday,0.7333333333333334,0.7419373447293773
2025-07-08,Dinner,B,Soup,2.54,1.5,3.81,2025,7,8,Tuesday,28,189,3,False,False,False,False,False,July,Weekday,1.6933333333333334,1.264126727145683
2025-07-08,Lunch,C,Rice,4.81,2.0,9.62,2025,7,8,Tuesday,28,189,3,False,False,False,True,False,July,Weekday,2.405,1.75958057086382
2025-07-08,Breakfast,A,Rice,2.83,2.0,5.66,2025,7,8,Tuesday,28,189,3,False,False,False,False,False,July,Weekday,1.415,1.3428648031925547
2025-07-08,Lunch,A,Soup,4.36,1.5,6.540000000000001,2025,7,8,Tuesday,28,189,3,False,False,False,True,False,July,Weekday,2.9066666666666667,1.6789639750827106
2025-07-08,Dinner,B,Meat,1.38,8.0,11.04,2025,7,8,Tuesday,28,189,3,False,False,False,False,False,July,Weekday,0.1725,0.8671004876833832
2025-07-08,Lunch,C,Meat,0.67,8.0,5.36,2025,7,8,Tuesday,28,189,3,False,False,False,False,False,July,Weekday,0.08375,0.5128236264286637
2025-07-08,Lunch,B,Meat,4.79,8.0,38.32,2025,7,8,Tuesday,28,189,3,False,False,True,True,True,July,Weekday,0.59875,1.7561322915849038
2025-07-08,Dinner,A,Meat,3.9,8.0,31.2,2025,7,8,Tuesday,28,189,3,False,False,True,False,True,July,Weekday,0.4875,1.589235205116581
2025-07-08,Breakfast,D,Soup,3.83,1.5,5.745,2025,7,8,Tuesday,28,189,3,False,False,False,False,False,July,Weekday,2.5533333333333332,1.5748464676644813
2025-07-08,Breakfast,D,Vegetables,1.02,3.0,3.06,2025,7,8,Tuesday,28,189,3,False,False,False,False,False,July,Weekday,0.34,0.7030975114131134
2025-07-09,Breakfast,B,Meat,2.15,8.0,17.2,2025,7,9,Wednesday,28,190,3,False,False,False,False,False,July,Weekday,0.26875,1.1474024528375417
2025-07-09,Breakfast,B,Rice,2.94,2.0,5.88,2025,7,9,Wednesday,28,190,3,False,False,False,False,False,July,Weekday,1.47,1.3711807233098425
2025-07-09,Lunch,D,Vegetables,3.37,3.0,10.11,2025,7,9,Wednesday,28,190,3,False,False,False,False,False,July,Weekday,1.1233333333333333,1.4747630091074988
2025-07-09,Lunch,B,Rice,0.93,2.0,1.86,2025,7,9,Wednesday,28,190,3,False,False,False,False,False,July,Weekday,0.465,0.6575200029167942
2025-07-09,Dinner,B,Soup,3.13,1.5,4.695,2025,7,9,Wednesday,28,190,3,False,False,False,False,False,July,Weekday,2.0866666666666664,1.4182774069729414
2025-07-09,Breakfast,C,Soup,3.31,1.5,4.965,2025,7,9,Wednesday,28,190,3,False,False,False,False,False,July,Weekday,2.2066666666666666,1.4609379041156565
2025-07-09,Lunch,D,Soup,3.85,1.5,5.775,2025,7,9,Wednesday,28,190,3,False,False,False,False,False,July,Weekday,2.566666666666667,1.578978704949392
2025-07-09,Dinner,A,Rice,2.12,2.0,4.24,2025,7,9,Wednesday,28,190,3,False,False,False,False,False,July,Weekday,1.06,1.1378330018213911
2025-07-09,Dinner,B,Vegetables,1.93,3.0,5.79,2025,7,9,Wednesday,28,190,3,False,False,False,False,False,July,Weekday,0.6433333333333333,1.0750024230289759
2025-07-09,Lunch,C,Vegetables,0.39,3.0,1.17,2025,7,9,Wednesday,28,190,3,False,False,False,False,False,July,Weekday,0.13,0.3293037471426004
2025-07-09,Dinner,D,Rice,0.13,2.0,0.26,2025,7,9,Wednesday,28,190,3,False,False,False,False,False,July,Weekday,0.065,0.12221763272424921
2025-07-09,Dinner,D,Soup,2.69,1.5,4.035,2025,7,9,Wednesday,28,190,3,False,False,False,False,False,July,Weekday,1.7933333333333332,1.3056264580524357
2025-07-09,Dinner,C,Meat,3.12,8.0,24.96,2025,7,9,Wednesday,28,190,3,False,False,True,False,False,July,Weekday,0.39,1.415853163361435
2025-07-09,Dinner,A,Vegetables,1.23,3.0,3.69,2025,7,9,Wednesday,28,190,3,False,False,False,False,False,July,Weekday,0.41,0.8020015854720274
2025-07-09,Breakfast,D,Soup,4.84,1.5,7.26,2025,7,9,Wednesday,28,190,3,False,False,False,True,False,July,Weekday,3.2266666666666666,1.7647307968401358
2025-07-09,Dinner,D,Meat,2.8,8.0,22.4,2025,7,9,Wednesday,28,190,3,False,False,True,False,False,July,Weekday,0.35,1.33500106673234
2025-07-09,Lunch,D,Meat,4.73,8.0,37.84,2025,7,9,Wednesday,28,190,3,False,False,True,True,True,July,Weekday,0.59125,1.7457155307266483
2025-07-09,Breakfast,A,Rice,1.18,2.0,2.36,2025,7,9,Wednesday,28,190,3,False,False,False,False,False,July,Weekday,0.59,0.7793248768009976
2025-07-09,Lunch,B,Vegetables,2.49,3.0,7.470000000000001,2025,7,9,Wednesday,28,190,3,False,False,False,False,False,July,Weekday,0.8300000000000001,1.2499017362143359
2025-07-09,Dinner,A,Meat,4.23,8.0,33.84,2025,7,9,Wednesday,28,190,3,False,False,True,True,True,July,Weekday,0.52875,1.6544112780768316
2025-07-09,Breakfast,A,Soup,4.68,1.5,7.02,2025,7,9,Wednesday,28,190,3,False,False,False,True,False,July,Weekday,3.1199999999999997,1.7369512327330598
2025-07-09,Breakfast,A,Vegetables,1.38,3.0,4.14,2025,7,9,Wednesday,28,190,3,False,False,False,False,False,July,Weekday,0.45999999999999996,0.8671004876833832
2025-07-09,Breakfast,D,Vegetables,4.13,3.0,12.39,2025,7,9,Wednesday,28,190,3,False,False,False,True,False,July,Weekday,1.3766666666666667,1.635105659182678
2025-07-09,Lunch,B,Meat,3.63,8.0,29.04,2025,7,9,Wednesday,28,190,3,False,False,True,False,False,July,Weekday,0.45375,1.5325568680981427
2025-07-09,Breakfast,A,Meat,0.82,8.0,6.56,2025,7,9,Wednesday,28,190,3,False,False,False,False,False,July,Weekday,0.1025,0.598836501088704
2025-07-09,Dinner,B,Rice,0.14,2.0,0.28,2025,7,9,Wednesday,28,190,3,False,False,False,False,False,July,Weekday,0.07,0.1310282624064041
2025-07-09,Dinner,C,Rice,3.37,2.0,6.74,2025,7,9,Wednesday,28,190,3,False,False,False,False,False,July,Weekday,1.685,1.4747630091074988
2025-07-09,Breakfast,B,Soup,1.72,1.5,2.58,2025,7,9,Wednesday,28,190,3,False,False,False,False,False,July,Weekday,1.1466666666666667,1.000631880307906
2025-07-09,Breakfast,D,Rice,3.46,2.0,6.92,2025,7,9,Wednesday,28,190,3,False,False,False,False,False,July,Weekday,1.73,1.4951487660319727
2025-07-09,Lunch,C,Rice,2.76,2.0,5.52,2025,7,9,Wednesday,28,190,3,False,False,False,False,False,July,Weekday,1.38,1.324418957401803
2025-07-09,Breakfast,C,Rice,1.96,2.0,3.92,2025,7,9,Wednesday,28,190,3,False,False,False,False,False,July,Weekday,0.98,1.085189268335969
2025-07-09,Lunch,A,Rice,3.24,2.0,6.48,2025,7,9,Wednesday,28,190,3,False,False,False,False,False,July,Weekday,1.62,1.4445632692438664
2025-07-09,Dinner,A,Soup,3.57,1.5,5.3549999999999995,2025,7,9,Wednesday,28,190,3,False,False,False,False,False,July,Weekday,2.38,1.5195132049061133
2025-07-09,Lunch,A,Meat,2.5,8.0,20.0,2025,7,9,Wednesday,28,190,3,False,False,False,False,False,July,Weekday,0.3125,1.252762968495368
2025-07-09,Breakfast,B,Vegetables,0.85,3.0,2.55,2025,7,9,Wednesday,28,190,3,False,False,False,False,False,July,Weekday,0.2833333333333333,0.6151856390902335
2025-07-09,Lunch,A,Vegetables,0.92,3.0,2.7600000000000002,2025,7,9,Wednesday,28,190,3,False,False,False,False,False,July,Weekday,0.3066666666666667,0.6523251860396903
2025-07-09,Breakfast,C,Meat,4.18,8.0,33.44,2025,7,9,Wednesday,28,190,3,False,False,True,True,True,July,Weekday,0.5225,1.6448050562713916
2025-07-09,Dinner,C,Vegetables,2.47,3.0,7.41,2025,7,9,Wednesday,28,190,3,False,False,False,False,False,July,Weekday,0.8233333333333334,1.244154593958768
2025-07-09,Breakfast,D,Meat,1.36,8.0,10.88,2025,7,9,Wednesday,28,190,3,False,False,False,False,False,July,Weekday,0.17,0.8586616190375187
2025-07-09,Lunch,C,Soup,0.27,1.5,0.405,2025,7,9,Wednesday,28,190,3,False,False,False,False,False,July,Weekday,0.18000000000000002,0.23901690047049992
2025-07-09,Lunch,D,Rice,4.25,2.0,8.5,2025,7,9,Wednesday,28,190,3,False,False,False,True,False,July,Weekday,2.125,1.6582280766035324
2025-07-09,Dinner,B,Meat,2.58,8.0,20.64,2025,7,9,Wednesday,28,190,3,False,False,False,False,False,July,Weekday,0.3225,1.275362800412609
2025-07-09,Dinner,C,Soup,2.49,1.5,3.7350000000000003,2025,7,9,Wednesday,28,190,3,False,False,False,False,False,July,Weekday,1.6600000000000001,1.2499017362143359
2025-07-10,Breakfast,D,Vegetables,2.04,3.0,6.12,2025,7,10,Thursday,28,191,3,False,False,False,False,False,July,Weekday,0.68,1.1118575154181303
2025-07-10,Breakfast,B,Vegetables,4.56,3.0,13.68,2025,7,10,Thursday,28,191,3,False,False,False,True,False,July,Weekday,1.5199999999999998,1.715598108262491
2025-07-10,Breakfast,B,Rice,3.4,2.0,6.8,2025,7,10,Thursday,28,191,3,False,False,False,False,False,July,Weekday,1.7,1.4816045409242156
2025-07-10,Lunch,C,Soup,2.81,1.5,4.215,2025,7,10,Thursday,28,191,3,False,False,False,False,False,July,Weekday,1.8733333333333333,1.3376291891386096
2025-07-10,Dinner,A,Soup,4.3,1.5,6.449999999999999,2025,7,10,Thursday,28,191,3,False,False,False,True,False,July,Weekday,2.8666666666666667,1.667706820558076
2025-07-10,Dinner,D,Rice,0.46,2.0,0.92,2025,7,10,Thursday,28,191,3,False,False,False,False,False,July,Weekday,0.23,0.3784364357202451
2025-07-10,Breakfast,A,Soup,4.08,1.5,6.12,2025,7,10,Thursday,28,191,3,False,False,False,True,False,July,Weekday,2.72,1.6253112615903906
2025-07-10,Breakfast,A,Vegetables,0.18,3.0,0.54,2025,7,10,Thursday,28,191,3,False,False,False,False,False,July,Weekday,0.06,0.16551443847757338
2025-07-10,Lunch,C,Rice,3.82,2.0,7.64,2025,7,10,Thursday,28,191,3,False,False,False,False,False,July,Weekday,1.91,1.5727739280625088
2025-07-10,Lunch,C,Meat,0.56,8.0,4.48,2025,7,10,Thursday,28,191,3,False,False,False,False,False,July,Weekday,0.07,0.44468582126144574
2025-07-10,Dinner,C,Rice,4.35,2.0,8.7,2025,7,10,Thursday,28,191,3,False,False,False,True,False,July,Weekday,2.175,1.6770965609079151
2025-07-10,Lunch,B,Meat,4.25,8.0,34.0,2025,7,10,Thursday,28,191,3,False,False,True,True,True,July,Weekday,0.53125,1.6582280766035324
2025-07-10,Dinner,A,Meat,3.94,8.0,31.52,2025,7,10,Thursday,28,191,3,False,False,True,False,True,July,Weekday,0.4925,1.597365331199831
2025-07-10,Breakfast,B,Meat,4.05,8.0,32.4,2025,7,10,Thursday,28,191,3,False,False,True,True,True,July,Weekday,0.50625,1.6193882432872684
2025-07-10,Lunch,D,Meat,0.15,8.0,1.2,2025,7,10,Thursday,28,191,3,False,False,False,False,False,July,Weekday,0.01875,0.13976194237515868
2025-07-10,Breakfast,A,Rice,1.45,2.0,2.9,2025,7,10,Thursday,28,191,3,False,False,False,False,False,July,Weekday,0.725,0.8960880245566356
2025-07-10,Breakfast,C,Vegetables,1.04,3.0,3.12,2025,7,10,Thursday,28,191,3,False,False,False,False,False,July,Weekday,0.3466666666666667,0.712949807856125
2025-07-10,Breakfast,C,Soup,2.68,1.5,4.0200000000000005,2025,7,10,Thursday,28,191,3,False,False,False,False,False,July,Weekday,1.7866666666666668,1.3029127521808397
2025-07-10,Breakfast,A,Meat,4.89,8.0,39.12,2025,7,10,Thursday,28,191,3,False,False,True,True,True,July,Weekday,0.61125,1.7732559976634952
2025-07-10,Dinner,C,Meat,4.45,8.0,35.6,2025,7,10,Thursday,28,191,3,False,False,True,True,True,July,Weekday,0.55625,1.6956156086751528
2025-07-10,Dinner,B,Meat,2.69,8.0,21.52,2025,7,10,Thursday,28,191,3,False,False,False,False,False,July,Weekday,0.33625,1.3056264580524357
2025-07-10,Dinner,A,Rice,2.23,2.0,4.46,2025,7,10,Thursday,28,191,3,False,False,False,False,False,July,Weekday,1.115,1.172482137234565
2025-07-10,Dinner,D,Meat,4.64,8.0,37.12,2025,7,10,Thursday,28,191,3,False,False,True,True,True,July,Weekday,0.58,1.7298840655099674
2025-07-10,Lunch,A,Meat,2.87,8.0,22.96,2025,7,10,Thursday,28,191,3,False,False,True,False,False,July,Weekday,0.35875,1.3532545070416904
2025-07-10,Lunch,D,Soup,2.55,1.5,3.8249999999999997,2025,7,10,Thursday,28,191,3,False,False,False,False,False,July,Weekday,1.7,1.2669476034873244
2025-07-10,Lunch,A,Soup,1.21,1.5,1.815,2025,7,10,Thursday,28,191,3,False,False,False,False,False,July,Weekday,0.8066666666666666,0.7929925155296614
2025-07-10,Lunch,A,Vegetables,4.95,3.0,14.850000000000001,2025,7,10,Thursday,28,191,3,False,False,False,True,False,July,Weekday,1.6500000000000001,1.7833912195575383
2025-07-10,Breakfast,B,Soup,0.62,1.5,0.9299999999999999,2025,7,10,Thursday,28,191,3,False,False,False,False,False,July,Weekday,0.41333333333333333,0.4824261492442927
2025-07-10,Breakfast,C,Meat,0.83,8.0,6.64,2025,7,10,Thursday,28,191,3,False,False,False,False,False,July,Weekday,0.10375,0.6043159668533296
2025-07-10,Lunch,D,Vegetables,0.94,3.0,2.82,2025,7,10,Thursday,28,191,3,False,False,False,False,False,July,Weekday,0.3133333333333333,0.6626879730752367
2025-07-10,Dinner,C,Soup,0.33,1.5,0.495,2025,7,10,Thursday,28,191,3,False,False,False,False,False,July,Weekday,0.22,0.2851789422336624
2025-07-10,Lunch,B,Rice,3.45,2.0,6.9,2025,7,10,Thursday,28,191,3,False,False,False,False,False,July,Weekday,1.725,1.4929040961781488
2025-07-10,Lunch,C,Vegetables,1.96,3.0,5.88,2025,7,10,Thursday,28,191,3,False,False,False,False,False,July,Weekday,0.6533333333333333,1.085189268335969
2025-07-10,Breakfast,D,Meat,1.41,8.0,11.28,2025,7,10,Thursday,28,191,3,False,False,False,False,False,July,Weekday,0.17625,0.8796267475025636
2025-07-10,Breakfast,D,Soup,1.93,1.5,2.895,2025,7,10,Thursday,28,191,3,False,False,False,False,False,July,Weekday,1.2866666666666666,1.0750024230289759
2025-07-10,Breakfast,D,Rice,4.09,2.0,8.18,2025,7,10,Thursday,28,191,3,False,False,False,True,False,July,Weekday,2.045,1.6272778305624314
2025-07-10,Dinner,A,Vegetables,2.87,3.0,8.61,2025,7,10,Thursday,28,191,3,False,False,False,False,False,July,Weekday,0.9566666666666667,1.3532545070416904
2025-07-10,Dinner,B,Rice,0.57,2.0,1.14,2025,7,10,Thursday,28,191,3,False,False,False,False,False,July,Weekday,0.285,0.4510756193602167
2025-07-10,Dinner,B,Soup,1.14,1.5,1.71,2025,7,10,Thursday,28,191,3,False,False,False,False,False,July,Weekday,0.7599999999999999,0.76080582903376
2025-07-10,Lunch,B,Vegetables,3.3,3.0,9.899999999999999,2025,7,10,Thursday,28,191,3,False,False,False,False,False,July,Weekday,1.0999999999999999,1.4586150226995167
2025-07-10,Lunch,D,Rice,0.37,2.0,0.74,2025,7,10,Thursday,28,191,3,False,False,False,False,False,July,Weekday,0.185,0.31481073984003355
2025-07-10,Dinner,B,Vegetables,0.31,3.0,0.9299999999999999,2025,7,10,Thursday,28,191,3,False,False,False,False,False,July,Weekday,0.10333333333333333,0.27002713721306015
2025-07-11,Dinner,A,Rice,2.5,2.0,5.0,2025,7,11,Friday,28,192,3,False,False,False,False,False,July,Weekday,1.25,1.252762968495368
2025-07-11,Dinner,C,Meat,3.59,8.0,28.72,2025,7,11,Friday,28,192,3,False,False,True,False,False,July,Weekday,0.44875,1.5238800240724537
2025-07-11,Lunch,D,Meat,0.25,8.0,2.0,2025,7,11,Friday,28,192,3,False,False,False,False,False,July,Weekday,0.03125,0.22314355131420976
2025-07-11,Breakfast,A,Meat,4.65,8.0,37.2,2025,7,11,Friday,28,192,3,False,False,True,True,True,July,Weekday,0.58125,1.7316555451583495
2025-07-11,Lunch,B,Vegetables,2.24,3.0,6.720000000000001,2025,7,11,Friday,28,192,3,False,False,False,False,False,July,Weekday,0.7466666666666667,1.1755733298042381
2025-07-11,Lunch,D,Rice,3.89,2.0,7.78,2025,7,11,Friday,28,192,3,False,False,False,False,False,July,Weekday,1.945,1.5871923034867808
2025-07-11,Dinner,B,Rice,3.43,2.0,6.86,2025,7,11,Friday,28,192,3,False,False,False,False,False,July,Weekday,1.715,1.4883995840570443
2025-07-11,Breakfast,D,Vegetables,1.73,3.0,5.1899999999999995,2025,7,11,Friday,28,192,3,False,False,False,False,False,July,Weekday,0.5766666666666667,1.0043016091968684
2025-07-11,Lunch,D,Vegetables,1.44,3.0,4.32,2025,7,11,Friday,28,192,3,False,False,False,False,False,July,Weekday,0.48,0.8919980393051105
2025-07-11,Breakfast,D,Soup,3.8,1.5,5.699999999999999,2025,7,11,Friday,28,192,3,False,False,False,False,False,July,Weekday,2.533333333333333,1.5686159179138452
2025-07-11,Breakfast,C,Meat,0.9,8.0,7.2,2025,7,11,Friday,28,192,3,False,False,False,False,False,July,Weekday,0.1125,0.6418538861723948
2025-07-11,Dinner,A,Vegetables,4.71,3.0,14.129999999999999,2025,7,11,Friday,28,192,3,False,False,False,True,False,July,Weekday,1.57,1.7422190236679187
2025-07-11,Dinner,C,Soup,0.86,1.5,1.29,2025,7,11,Friday,28,192,3,False,False,False,False,False,July,Weekday,0.5733333333333334,0.6205764877251099
2025-07-11,Breakfast,C,Vegetables,1.28,3.0,3.84,2025,7,11,Friday,28,192,3,False,False,False,False,False,July,Weekday,0.4266666666666667,0.8241754429663495
2025-07-11,Lunch,B,Soup,4.21,1.5,6.3149999999999995,2025,7,11,Friday,28,192,3,False,False,False,True,False,July,Weekday,2.8066666666666666,1.6505798557652755
2025-07-11,Dinner,C,Rice,4.01,2.0,8.02,2025,7,11,Friday,28,192,3,False,False,False,True,False,July,Weekday,2.005,1.6114359150967734
2025-07-11,Lunch,A,Rice,0.79,2.0,1.58,2025,7,11,Friday,28,192,3,False,False,False,False,False,July,Weekday,0.395,0.5822156198526637
2025-07-11,Lunch,C,Vegetables,4.78,3.0,14.34,2025,7,11,Friday,28,192,3,False,False,False,True,False,July,Weekday,1.5933333333333335,1.7544036826842861
2025-07-11,Breakfast,C,Rice,0.48,2.0,0.96,2025,7,11,Friday,28,192,3,False,False,False,False,False,July,Weekday,0.24,0.3920420877760237
2025-07-11,Breakfast,C,Soup,4.19,1.5,6.285,2025,7,11,Friday,28,192,3,False,False,False,True,False,July,Weekday,2.7933333333333334,1.6467336971777973
2025-07-11,Lunch,C,Rice,1.77,2.0,3.54,2025,7,11,Friday,28,192,3,False,False,False,False,False,July,Weekday,0.885,1.0188473201992472
2025-07-11,Dinner,B,Meat,3.34,8.0,26.72,2025,7,11,Friday,28,192,3,False,False,True,False,False,July,Weekday,0.4175,1.4678743481123135
2025-07-11,Lunch,D,Soup,4.96,1.5,7.4399999999999995,2025,7,11,Friday,28,192,3,False,False,False,True,False,July,Weekday,3.3066666666666666,1.7850704810772584
2025-07-11,Breakfast,A,Vegetables,1.64,3.0,4.92,2025,7,11,Friday,28,192,3,False,False,False,False,False,July,Weekday,0.5466666666666666,0.9707789171582247
2025-07-11,Dinner,D,Vegetables,3.72,3.0,11.16,2025,7,11,Friday,28,192,3,False,False,False,False,False,July,Weekday,1.24,1.551808799597464
2025-07-11,Lunch,A,Vegetables,3.65,3.0,10.95,2025,7,11,Friday,28,192,3,False,False,False,False,False,July,Weekday,1.2166666666666666,1.536867219599265
2025-07-11,Lunch,A,Soup,2.55,1.5,3.8249999999999997,2025,7,11,Friday,28,192,3,False,False,False,False,False,July,Weekday,1.7,1.2669476034873244
2025-07-11,Lunch,B,Rice,4.87,2.0,9.74,2025,7,11,Friday,28,192,3,False,False,False,True,False,July,Weekday,2.435,1.769854633840005
2025-07-11,Breakfast,D,Meat,4.49,8.0,35.92,2025,7,11,Friday,28,192,3,False,False,True,True,True,July,Weekday,0.56125,1.7029282555214393
2025-07-11,Breakfast,A,Rice,0.26,2.0,0.52,2025,7,11,Friday,28,192,3,False,False,False,False,False,July,Weekday,0.13,0.23111172096338664
2025-07-11,Breakfast,B,Vegetables,3.59,3.0,10.77,2025,7,11,Friday,28,192,3,False,False,False,False,False,July,Weekday,1.1966666666666665,1.5238800240724537
2025-07-11,Lunch,C,Meat,3.87,8.0,30.96,2025,7,11,Friday,28,192,3,False,False,True,False,True,July,Weekday,0.48375,1.5830939370944985
2025-07-11,Dinner,A,Soup,2.22,1.5,3.33,2025,7,11,Friday,28,192,3,False,False,False,False,False,July,Weekday,1.4800000000000002,1.169381359556317
2025-07-11,Dinner,D,Soup,1.65,1.5,2.4749999999999996,2025,7,11,Friday,28,192,3,False,False,False,False,False,July,Weekday,1.0999999999999999,0.9745596399981308
2025-07-11,Dinner,A,Meat,1.84,8.0,14.72,2025,7,11,Friday,28,192,3,False,False,False,False,False,July,Weekday,0.23,1.0438040521731147
2025-07-11,Lunch,B,Meat,0.36,8.0,2.88,2025,7,11,Friday,28,192,3,False,False,False,False,False,July,Weekday,0.045,0.3074846997479606
2025-07-11,Breakfast,B,Soup,2.05,1.5,3.0749999999999997,2025,7,11,Friday,28,192,3,False,False,False,False,False,July,Weekday,1.3666666666666665,1.11514159061932
2025-07-11,Lunch,A,Meat,4.94,8.0,39.52,2025,7,11,Friday,28,192,3,False,False,True,True,True,July,Weekday,0.6175,1.7817091333745536
2025-07-11,Breakfast,D,Rice,2.01,2.0,4.02,2025,7,11,Friday,28,192,3,False,False,False,False,False,July,Weekday,1.005,1.1019400787607843
2025-07-11,Lunch,C,Soup,2.04,1.5,3.06,2025,7,11,Friday,28,192,3,False,False,False,False,False,July,Weekday,1.36,1.1118575154181303
2025-07-11,Breakfast,B,Rice,2.98,2.0,5.96,2025,7,11,Friday,28,192,3,False,False,False,False,False,July,Weekday,1.49,1.3812818192963463
2025-07-12,Lunch,A,Meat,2.0,8.0,16.0,2025,7,12,Saturday,28,193,3,True,False,False,False,False,July,Weekend,0.25,1.0986122886681096
2025-07-12,Breakfast,B,Vegetables,1.02,3.0,3.06,2025,7,12,Saturday,28,193,3,True,False,False,False,False,July,Weekend,0.34,0.7030975114131134
2025-07-12,Breakfast,D,Meat,3.03,8.0,24.24,2025,7,12,Saturday,28,193,3,True,False,True,False,False,July,Weekend,0.37875,1.3937663759585917
2025-07-12,Lunch,D,Soup,2.47,1.5,3.705,2025,7,12,Saturday,28,193,3,True,False,False,False,False,July,Weekend,1.6466666666666667,1.244154593958768
2025-07-12,Lunch,B,Rice,4.54,2.0,9.08,2025,7,12,Saturday,28,193,3,True,False,False,True,False,July,Weekend,2.27,1.7119945007591926
2025-07-12,Dinner,A,Meat,1.33,8.0,10.64,2025,7,12,Saturday,28,193,3,True,False,False,False,False,July,Weekend,0.16625,0.8458682675776092
2025-07-12,Dinner,C,Vegetables,3.14,3.0,9.42,2025,7,12,Saturday,28,193,3,True,False,False,False,False,July,Weekend,1.0466666666666666,1.420695787837223
2025-07-12,Dinner,D,Soup,4.31,1.5,6.465,2025,7,12,Saturday,28,193,3,True,False,False,True,False,July,Weekend,2.873333333333333,1.6695918352538475
2025-07-12,Breakfast,A,Vegetables,1.61,3.0,4.83,2025,7,12,Saturday,28,193,3,True,False,False,False,False,July,Weekend,0.5366666666666667,0.9593502213346021
2025-07-12,Lunch,C,Meat,0.78,8.0,6.24,2025,7,12,Saturday,28,193,3,True,False,False,False,False,July,Weekend,0.0975,0.5766133643039938
2025-07-12,Breakfast,C,Meat,2.1,8.0,16.8,2025,7,12,Saturday,28,193,3,True,False,False,False,False,July,Weekend,0.2625,1.1314021114911006
2025-07-12,Breakfast,B,Rice,1.42,2.0,2.84,2025,7,12,Saturday,28,193,3,True,False,False,False,False,July,Weekend,0.71,0.8837675401685949
2025-07-12,Lunch,A,Soup,4.52,1.5,6.779999999999999,2025,7,12,Saturday,28,193,3,True,False,False,True,False,July,Weekend,3.013333333333333,1.7083778602890038
2025-07-12,Lunch,D,Meat,2.23,8.0,17.84,2025,7,12,Saturday,28,193,3,True,False,False,False,False,July,Weekend,0.27875,1.172482137234565
2025-07-12,Lunch,B,Meat,4.89,8.0,39.12,2025,7,12,Saturday,28,193,3,True,False,True,True,True,July,Weekend,0.61125,1.7732559976634952
2025-07-12,Lunch,D,Vegetables,2.16,3.0,6.48,2025,7,12,Saturday,28,193,3,True,False,False,False,False,July,Weekend,0.7200000000000001,1.1505720275988207
2025-07-12,Dinner,C,Soup,4.04,1.5,6.0600000000000005,2025,7,12,Saturday,28,193,3,True,False,False,True,False,July,Weekend,2.6933333333333334,1.6174060820832772
2025-07-12,Lunch,C,Vegetables,1.58,3.0,4.74,2025,7,12,Saturday,28,193,3,True,False,False,False,False,July,Weekend,0.5266666666666667,0.9477893989335261
2025-07-12,Lunch,C,Rice,1.97,2.0,3.94,2025,7,12,Saturday,28,193,3,True,False,False,False,False,July,Weekend,0.985,1.0885619528146082
2025-07-12,Breakfast,D,Soup,1.99,1.5,2.985,2025,7,12,Saturday,28,193,3,True,False,False,False,False,July,Weekend,1.3266666666666667,1.095273387402595
2025-07-12,Breakfast,A,Rice,0.62,2.0,1.24,2025,7,12,Saturday,28,193,3,True,False,False,False,False,July,Weekend,0.31,0.4824261492442927
2025-07-12,Breakfast,A,Soup,1.86,1.5,2.79,2025,7,12,Saturday,28,193,3,True,False,False,False,False,July,Weekend,1.24,1.0508216248317612
2025-07-12,Dinner,D,Rice,1.71,2.0,3.42,2025,7,12,Saturday,28,193,3,True,False,False,False,False,July,Weekend,0.855,0.9969486348916095
2025-07-12,Dinner,B,Meat,1.06,8.0,8.48,2025,7,12,Saturday,28,193,3,True,False,False,False,False,July,Weekend,0.1325,0.7227059828014898
2025-07-12,Breakfast,A,Meat,0.13,8.0,1.04,2025,7,12,Saturday,28,193,3,True,False,False,False,False,July,Weekend,0.01625,0.12221763272424921
2025-07-12,Lunch,A,Vegetables,0.52,3.0,1.56,2025,7,12,Saturday,28,193,3,True,False,False,False,False,July,Weekend,0.17333333333333334,0.41871033485818504
2025-07-12,Breakfast,C,Soup,1.83,1.5,2.745,2025,7,12,Saturday,28,193,3,True,False,False,False,False,July,Weekend,1.22,1.0402767116551463
2025-07-12,Breakfast,B,Meat,0.75,8.0,6.0,2025,7,12,Saturday,28,193,3,True,False,False,False,False,July,Weekend,0.09375,0.5596157879354227
2025-07-12,Dinner,B,Rice,3.01,2.0,6.02,2025,7,12,Saturday,28,193,3,True,False,False,False,False,July,Weekend,1.505,1.3887912413184778
2025-07-12,Dinner,D,Meat,1.74,8.0,13.92,2025,7,12,Saturday,28,193,3,True,False,False,False,False,July,Weekend,0.2175,1.007957920399979
2025-07-12,Breakfast,D,Vegetables,1.69,3.0,5.07,2025,7,12,Saturday,28,193,3,True,False,False,False,False,July,Weekend,0.5633333333333334,0.9895411936137477
2025-07-12,Lunch,D,Rice,0.41,2.0,0.82,2025,7,12,Saturday,28,193,3,True,False,False,False,False,July,Weekend,0.205,0.3435897043900769
2025-07-12,Lunch,B,Soup,0.93,1.5,1.395,2025,7,12,Saturday,28,193,3,True,False,False,False,False,July,Weekend,0.62,0.6575200029167942
2025-07-12,Lunch,B,Vegetables,2.9,3.0,8.7,2025,7,12,Saturday,28,193,3,True,False,False,False,False,July,Weekend,0.9666666666666667,1.3609765531356006
2025-07-12,Dinner,B,Vegetables,0.62,3.0,1.8599999999999999,2025,7,12,Saturday,28,193,3,True,False,False,False,False,July,Weekend,0.20666666666666667,0.4824261492442927
2025-07-12,Dinner,A,Soup,3.16,1.5,4.74,2025,7,12,Saturday,28,193,3,True,False,False,False,False,July,Weekend,2.106666666666667,1.425515074273172
2025-07-12,Breakfast,C,Vegetables,0.23,3.0,0.6900000000000001,2025,7,12,Saturday,28,193,3,True,False,False,False,False,July,Weekend,0.07666666666666667,0.20701416938432615
2025-07-13,Breakfast,B,Soup,4.85,1.5,7.2749999999999995,2025,7,13,Sunday,28,194,3,True,False,False,True,False,July,Weekend,3.233333333333333,1.766441661243765
2025-07-13,Lunch,C,Soup,3.49,1.5,5.235,2025,7,13,Sunday,28,194,3,True,False,False,False,False,July,Weekend,2.3266666666666667,1.501852701754163
2025-07-13,Lunch,B,Vegetables,4.77,3.0,14.309999999999999,2025,7,13,Sunday,28,194,3,True,False,False,True,False,July,Weekend,1.5899999999999999,1.752672080520008
2025-07-13,Dinner,D,Vegetables,1.86,3.0,5.58,2025,7,13,Sunday,28,194,3,True,False,False,False,False,July,Weekend,0.62,1.0508216248317612
2025-07-13,Lunch,D,Rice,4.11,2.0,8.22,2025,7,13,Sunday,28,194,3,True,False,False,True,False,July,Weekend,2.055,1.631199404215613
2025-07-13,Dinner,C,Meat,2.58,8.0,20.64,2025,7,13,Sunday,28,194,3,True,False,False,False,False,July,Weekend,0.3225,1.275362800412609
2025-07-13,Lunch,D,Soup,2.55,1.5,3.8249999999999997,2025,7,13,Sunday,28,194,3,True,False,False,False,False,July,Weekend,1.7,1.2669476034873244
2025-07-13,Breakfast,B,Rice,1.08,2.0,2.16,2025,7,13,Sunday,28,194,3,True,False,False,False,False,July,Weekend,0.54,0.7323678937132266
2025-07-13,Lunch,B,Rice,3.44,2.0,6.88,2025,7,13,Sunday,28,194,3,True,False,False,False,False,July,Weekend,1.72,1.4906543764441333
2025-07-13,Dinner,B,Soup,2.45,1.5,3.6750000000000003,2025,7,13,Sunday,28,194,3,True,False,False,False,False,July,Weekend,1.6333333333333335,1.2383742310432684
2025-07-13,Breakfast,B,Meat,1.64,8.0,13.12,2025,7,13,Sunday,28,194,3,True,False,False,False,False,July,Weekend,0.205,0.9707789171582247
2025-07-13,Breakfast,D,Soup,2.03,1.5,3.045,2025,7,13,Sunday,28,194,3,True,False,False,False,False,July,Weekend,1.3533333333333333,1.1085626195212777
2025-07-13,Dinner,A,Rice,3.2,2.0,6.4,2025,7,13,Sunday,28,194,3,True,False,False,False,False,July,Weekend,1.6,1.4350845252893227
2025-07-13,Dinner,C,Vegetables,4.61,3.0,13.830000000000002,2025,7,13,Sunday,28,194,3,True,False,False,True,False,July,Weekend,1.5366666666666668,1.724550719534605
2025-07-13,Lunch,A,Rice,0.66,2.0,1.32,2025,7,13,Sunday,28,194,3,True,False,False,False,False,July,Weekend,0.33,0.5068176023684519
2025-07-13,Breakfast,A,Vegetables,1.67,3.0,5.01,2025,7,13,Sunday,28,194,3,True,False,False,False,False,July,Weekend,0.5566666666666666,0.9820784724121581
2025-07-13,Lunch,D,Meat,4.0,8.0,32.0,2025,7,13,Sunday,28,194,3,True,False,True,False,True,July,Weekend,0.5,1.6094379124341003
2025-07-13,Dinner,B,Rice,3.97,2.0,7.94,2025,7,13,Sunday,28,194,3,True,False,False,False,False,July,Weekend,1.985,1.6034198401085373
2025-07-13,Lunch,D,Vegetables,2.1,3.0,6.300000000000001,2025,7,13,Sunday,28,194,3,True,False,False,False,False,July,Weekend,0.7000000000000001,1.1314021114911006
2025-07-13,Lunch,C,Meat,2.25,8.0,18.0,2025,7,13,Sunday,28,194,3,True,False,False,False,False,July,Weekend,0.28125,1.1786549963416462
2025-07-13,Lunch,A,Meat,2.86,8.0,22.88,2025,7,13,Sunday,28,194,3,True,False,True,False,False,July,Weekend,0.3575,1.3506671834767394
2025-07-13,Breakfast,A,Rice,4.87,2.0,9.74,2025,7,13,Sunday,28,194,3,True,False,False,True,False,July,Weekend,2.435,1.769854633840005
2025-07-13,Breakfast,C,Soup,2.92,1.5,4.38,2025,7,13,Sunday,28,194,3,True,False,False,False,False,July,Weekend,1.9466666666666665,1.366091653802371
2025-07-13,Breakfast,D,Vegetables,4.1,3.0,12.299999999999999,2025,7,13,Sunday,28,194,3,True,False,False,True,False,July,Weekend,1.3666666666666665,1.62924053973028
2025-07-13,Breakfast,D,Meat,1.94,8.0,15.52,2025,7,13,Sunday,28,194,3,True,False,False,False,False,July,Weekend,0.2425,1.0784095813505903
2025-07-13,Lunch,C,Vegetables,1.53,3.0,4.59,2025,7,13,Sunday,28,194,3,True,False,False,False,False,July,Weekend,0.51,0.9282193027394289
2025-07-13,Dinner,B,Vegetables,4.95,3.0,14.850000000000001,2025,7,13,Sunday,28,194,3,True,False,False,True,False,July,Weekend,1.6500000000000001,1.7833912195575383
2025-07-13,Dinner,B,Meat,0.46,8.0,3.68,2025,7,13,Sunday,28,194,3,True,False,False,False,False,July,Weekend,0.0575,0.3784364357202451
2025-07-13,Breakfast,C,Vegetables,2.51,3.0,7.529999999999999,2025,7,13,Sunday,28,194,3,True,False,False,False,False,July,Weekend,0.8366666666666666,1.2556160374777745
2025-07-13,Lunch,A,Vegetables,3.0,3.0,9.0,2025,7,13,Sunday,28,194,3,True,False,False,False,False,July,Weekend,1.0,1.3862943611198906
2025-07-13,Dinner,C,Rice,2.06,2.0,4.12,2025,7,13,Sunday,28,194,3,True,False,False,False,False,July,Weekend,1.03,1.1184149159642893
2025-07-13,Lunch,A,Soup,2.77,1.5,4.155,2025,7,13,Sunday,28,194,3,True,False,False,False,False,July,Weekend,1.8466666666666667,1.3270750014599193
2025-07-13,Dinner,A,Soup,3.6,1.5,5.4,2025,7,13,Sunday,28,194,3,True,False,False,False,False,July,Weekend,2.4,1.5260563034950494
2025-07-13,Lunch,C,Rice,3.57,2.0,7.14,2025,7,13,Sunday,28,194,3,True,False,False,False,False,July,Weekend,1.785,1.5195132049061133
2025-07-13,Breakfast,D,Rice,1.29,2.0,2.58,2025,7,13,Sunday,28,194,3,True,False,False,False,False,July,Weekend,0.645,0.8285518175661483
2025-07-13,Lunch,B,Meat,2.8,8.0,22.4,2025,7,13,Sunday,28,194,3,True,False,True,False,False,July,Weekend,0.35,1.33500106673234
2025-07-13,Breakfast,C,Meat,3.51,8.0,28.08,2025,7,13,Sunday,28,194,3,True,False,True,False,False,July,Weekend,0.43875,1.5062971535145868
2025-07-13,Breakfast,A,Meat,0.77,8.0,6.16,2025,7,13,Sunday,28,194,3,True,False,False,False,False,July,Weekend,0.09625,0.5709795465857378
2025-07-13,Lunch,B,Soup,2.36,1.5,3.54,2025,7,13,Sunday,28,194,3,True,False,False,False,False,July,Weekend,1.5733333333333333,1.2119409739751128
2025-07-13,Dinner,D,Meat,3.97,8.0,31.76,2025,7,13,Sunday,28,194,3,True,False,True,False,True,July,Weekend,0.49625,1.6034198401085373
2025-07-13,Dinner,D,Soup,4.49,1.5,6.735,2025,7,13,Sunday,28,194,3,True,False,False,True,False,July,Weekend,2.9933333333333336,1.7029282555214393
2025-07-13,Dinner,D,Rice,2.76,2.0,5.52,2025,7,13,Sunday,28,194,3,True,False,False,False,False,July,Weekend,1.38,1.324418957401803
2025-07-13,Breakfast,B,Vegetables,4.83,3.0,14.49,2025,7,13,Sunday,28,194,3,True,False,False,True,False,July,Weekend,1.61,1.763017000362401
2025-07-13,Breakfast,A,Soup,4.74,1.5,7.11,2025,7,13,Sunday,28,194,3,True,False,False,True,False,July,Weekend,3.16,1.747459210331475
2025-07-13,Dinner,A,Meat,1.29,8.0,10.32,2025,7,13,Sunday,28,194,3,True,False,False,False,False,July,Weekend,0.16125,0.8285518175661483
2025-07-13,Breakfast,C,Rice,1.53,2.0,3.06,2025,7,13,Sunday,28,194,3,True,False,False,False,False,July,Weekend,0.765,0.9282193027394289
2025-07-14,Breakfast,A,Rice,2.73,2.0,5.46,2025,7,14,Monday,29,195,3,False,False,False,False,False,July,Weekday,1.365,1.3164082336557241
2025-07-14,Breakfast,C,Rice,4.92,2.0,9.84,2025,7,14,Monday,29,195,3,False,False,False,True,False,July,Weekday,2.46,1.7783364488959144
2025-07-14,Breakfast,B,Rice,3.32,2.0,6.64,2025,7,14,Monday,29,195,3,False,False,False,False,False,July,Weekday,1.66,1.463255402256019
2025-07-14,Breakfast,C,Soup,3.79,1.5,5.6850000000000005,2025,7,14,Monday,29,195,3,False,False,False,False,False,July,Weekday,2.526666666666667,1.5665304114228238
2025-07-14,Lunch,A,Vegetables,2.94,3.0,8.82,2025,7,14,Monday,29,195,3,False,False,False,False,False,July,Weekday,0.98,1.3711807233098425
2025-07-14,Breakfast,A,Vegetables,0.52,3.0,1.56,2025,7,14,Monday,29,195,3,False,False,False,False,False,July,Weekday,0.17333333333333334,0.41871033485818504
2025-07-14,Breakfast,B,Vegetables,3.27,3.0,9.81,2025,7,14,Monday,29,195,3,False,False,False,False,False,July,Weekday,1.09,1.4516138272405332
2025-07-14,Dinner,D,Meat,3.28,8.0,26.24,2025,7,14,Monday,29,195,3,False,False,True,False,False,July,Weekday,0.41,1.4539530095937054
2025-07-14,Breakfast,C,Vegetables,2.06,3.0,6.18,2025,7,14,Monday,29,195,3,False,False,False,False,False,July,Weekday,0.6866666666666666,1.1184149159642893
2025-07-14,Dinner,B,Vegetables,2.25,3.0,6.75,2025,7,14,Monday,29,195,3,False,False,False,False,False,July,Weekday,0.75,1.1786549963416462
2025-07-14,Breakfast,D,Rice,4.83,2.0,9.66,2025,7,14,Monday,29,195,3,False,False,False,True,False,July,Weekday,2.415,1.763017000362401
2025-07-14,Dinner,D,Rice,4.26,2.0,8.52,2025,7,14,Monday,29,195,3,False,False,False,True,False,July,Weekday,2.13,1.6601310267496183
2025-07-14,Dinner,B,Soup,3.51,1.5,5.265,2025,7,14,Monday,29,195,3,False,False,False,False,False,July,Weekday,2.34,1.5062971535145868
2025-07-14,Lunch,A,Rice,2.6,2.0,5.2,2025,7,14,Monday,29,195,3,False,False,False,False,False,July,Weekday,1.3,1.2809338454620645
2025-07-14,Breakfast,D,Soup,1.37,1.5,2.055,2025,7,14,Monday,29,195,3,False,False,False,False,False,July,Weekday,0.9133333333333334,0.8628899551470399
2025-07-14,Lunch,B,Vegetables,3.88,3.0,11.64,2025,7,14,Monday,29,195,3,False,False,False,False,False,July,Weekday,1.2933333333333332,1.5851452198650557
2025-07-14,Lunch,B,Soup,2.98,1.5,4.47,2025,7,14,Monday,29,195,3,False,False,False,False,False,July,Weekday,1.9866666666666666,1.3812818192963463
2025-07-14,Dinner,A,Meat,1.63,8.0,13.04,2025,7,14,Monday,29,195,3,False,False,False,False,False,July,Weekday,0.20375,0.9669838461896731
2025-07-14,Dinner,B,Rice,2.47,2.0,4.94,2025,7,14,Monday,29,195,3,False,False,False,False,False,July,Weekday,1.235,1.244154593958768
2025-07-14,Lunch,C,Rice,2.55,2.0,5.1,2025,7,14,Monday,29,195,3,False,False,False,False,False,July,Weekday,1.275,1.2669476034873244
2025-07-14,Breakfast,A,Soup,3.87,1.5,5.805,2025,7,14,Monday,29,195,3,False,False,False,False,False,July,Weekday,2.58,1.5830939370944985
2025-07-14,Dinner,C,Rice,1.66,2.0,3.32,2025,7,14,Monday,29,195,3,False,False,False,False,False,July,Weekday,0.83,0.9783261227936076
2025-07-14,Dinner,C,Soup,0.66,1.5,0.99,2025,7,14,Monday,29,195,3,False,False,False,False,False,July,Weekday,0.44,0.5068176023684519
2025-07-14,Dinner,C,Vegetables,4.07,3.0,12.21,2025,7,14,Monday,29,195,3,False,False,False,True,False,July,Weekday,1.3566666666666667,1.623340817603092
2025-07-14,Breakfast,D,Vegetables,0.15,3.0,0.44999999999999996,2025,7,14,Monday,29,195,3,False,False,False,False,False,July,Weekday,0.049999999999999996,0.13976194237515868
2025-07-14,Lunch,A,Meat,2.64,8.0,21.12,2025,7,14,Monday,29,195,3,False,False,False,False,False,July,Weekday,0.33,1.2919836816486494
2025-07-14,Breakfast,C,Meat,3.42,8.0,27.36,2025,7,14,Monday,29,195,3,False,False,True,False,False,July,Weekday,0.4275,1.4861396960896067
2025-07-14,Lunch,C,Soup,0.61,1.5,0.915,2025,7,14,Monday,29,195,3,False,False,False,False,False,July,Weekday,0.4066666666666667,0.4762341789963716
2025-07-14,Lunch,C,Vegetables,0.22,3.0,0.66,2025,7,14,Monday,29,195,3,False,False,False,False,False,July,Weekday,0.07333333333333333,0.1988508587451652
2025-07-14,Dinner,C,Meat,1.57,8.0,12.56,2025,7,14,Monday,29,195,3,False,False,False,False,False,July,Weekday,0.19625,0.9439058989071285
2025-07-14,Dinner,A,Rice,0.79,2.0,1.58,2025,7,14,Monday,29,195,3,False,False,False,False,False,July,Weekday,0.395,0.5822156198526637
2025-07-14,Lunch,B,Meat,2.02,8.0,16.16,2025,7,14,Monday,29,195,3,False,False,False,False,False,July,Weekday,0.2525,1.1052568313867783
2025-07-14,Dinner,A,Vegetables,2.33,3.0,6.99,2025,7,14,Monday,29,195,3,False,False,False,False,False,July,Weekday,0.7766666666666667,1.2029723039923526
2025-07-14,Lunch,C,Meat,1.79,8.0,14.32,2025,7,14,Monday,29,195,3,False,False,False,False,False,July,Weekday,0.22375,1.0260415958332743
2025-07-14,Dinner,A,Soup,1.11,1.5,1.665,2025,7,14,Monday,29,195,3,False,False,False,False,False,July,Weekday,0.7400000000000001,0.7466879474879752
2025-07-14,Breakfast,B,Soup,0.32,1.5,0.48,2025,7,14,Monday,29,195,3,False,False,False,False,False,July,Weekday,0.21333333333333335,0.2776317365982795
2025-07-14,Dinner,B,Meat,2.43,8.0,19.44,2025,7,14,Monday,29,195,3,False,False,False,False,False,July,Weekday,0.30375,1.2325602611778486
2025-07-14,Lunch,B,Rice,2.28,2.0,4.56,2025,7,14,Monday,29,195,3,False,False,False,False,False,July,Weekday,1.14,1.1878434223960523
2025-07-14,Lunch,D,Meat,4.81,8.0,38.48,2025,7,14,Monday,29,195,3,False,False,True,True,True,July,Weekday,0.60125,1.75958057086382
2025-07-14,Lunch,D,Rice,2.14,2.0,4.28,2025,7,14,Monday,29,195,3,False,False,False,False,False,July,Weekday,1.07,1.144222799920162
2025-07-14,Dinner,D,Vegetables,3.42,3.0,10.26,2025,7,14,Monday,29,195,3,False,False,False,False,False,July,Weekday,1.14,1.4861396960896067
2025-07-14,Lunch,D,Soup,4.71,1.5,7.0649999999999995,2025,7,14,Monday,29,195,3,False,False,False,True,False,July,Weekday,3.14,1.7422190236679187
2025-07-14,Lunch,D,Vegetables,0.67,3.0,2.0100000000000002,2025,7,14,Monday,29,195,3,False,False,False,False,False,July,Weekday,0.22333333333333336,0.5128236264286637
2025-07-15,Breakfast,D,Rice,3.11,2.0,6.22,2025,7,15,Tuesday,29,196,3,False,False,False,False,False,July,Weekday,1.555,1.4134230285081433
2025-07-15,Dinner,A,Meat,1.8,8.0,14.4,2025,7,15,Tuesday,29,196,3,False,False,False,False,False,July,Weekday,0.225,1.0296194171811583
2025-07-15,Dinner,D,Meat,3.5,8.0,28.0,2025,7,15,Tuesday,29,196,3,False,False,True,False,False,July,Weekday,0.4375,1.5040773967762742
2025-07-15,Lunch,D,Rice,2.69,2.0,5.38,2025,7,15,Tuesday,29,196,3,False,False,False,False,False,July,Weekday,1.345,1.3056264580524357
2025-07-15,Lunch,A,Meat,1.11,8.0,8.88,2025,7,15,Tuesday,29,196,3,False,False,False,False,False,July,Weekday,0.13875,0.7466879474879752
2025-07-15,Dinner,D,Rice,1.0,2.0,2.0,2025,7,15,Tuesday,29,196,3,False,False,False,False,False,July,Weekday,0.5,0.6931471805599453
2025-07-15,Dinner,A,Soup,3.13,1.5,4.695,2025,7,15,Tuesday,29,196,3,False,False,False,False,False,July,Weekday,2.0866666666666664,1.4182774069729414
2025-07-15,Lunch,C,Rice,1.7,2.0,3.4,2025,7,15,Tuesday,29,196,3,False,False,False,False,False,July,Weekday,0.85,0.9932517730102834
2025-07-15,Lunch,B,Rice,0.41,2.0,0.82,2025,7,15,Tuesday,29,196,3,False,False,False,False,False,July,Weekday,0.205,0.3435897043900769
2025-07-15,Dinner,C,Meat,0.76,8.0,6.08,2025,7,15,Tuesday,29,196,3,False,False,False,False,False,July,Weekday,0.095,0.5653138090500605
2025-07-15,Breakfast,D,Soup,2.01,1.5,3.0149999999999997,2025,7,15,Tuesday,29,196,3,False,False,False,False,False,July,Weekday,1.3399999999999999,1.1019400787607843
2025-07-15,Lunch,C,Soup,4.33,1.5,6.495,2025,7,15,Tuesday,29,196,3,False,False,False,True,False,July,Weekday,2.8866666666666667,1.6733512381777533
2025-07-15,Lunch,C,Vegetables,1.39,3.0,4.17,2025,7,15,Tuesday,29,196,3,False,False,False,False,False,July,Weekday,0.4633333333333333,0.8712933659434192
2025-07-15,Breakfast,A,Rice,4.92,2.0,9.84,2025,7,15,Tuesday,29,196,3,False,False,False,True,False,July,Weekday,2.46,1.7783364488959144
2025-07-15,Dinner,C,Vegetables,0.68,3.0,2.04,2025,7,15,Tuesday,29,196,3,False,False,False,False,False,July,Weekday,0.22666666666666668,0.5187937934151676
2025-07-15,Breakfast,C,Meat,3.24,8.0,25.92,2025,7,15,Tuesday,29,196,3,False,False,True,False,False,July,Weekday,0.405,1.4445632692438664
2025-07-15,Lunch,B,Soup,1.02,1.5,1.53,2025,7,15,Tuesday,29,196,3,False,False,False,False,False,July,Weekday,0.68,0.7030975114131134
2025-07-15,Dinner,B,Soup,3.11,1.5,4.665,2025,7,15,Tuesday,29,196,3,False,False,False,False,False,July,Weekday,2.0733333333333333,1.4134230285081433
2025-07-15,Dinner,A,Vegetables,4.24,3.0,12.72,2025,7,15,Tuesday,29,196,3,False,False,False,True,False,July,Weekday,1.4133333333333333,1.6563214983329508
2025-07-15,Breakfast,B,Meat,4.8,8.0,38.4,2025,7,15,Tuesday,29,196,3,False,False,True,True,True,July,Weekday,0.6,1.7578579175523736
2025-07-15,Lunch,B,Vegetables,4.37,3.0,13.11,2025,7,15,Tuesday,29,196,3,False,False,False,True,False,July,Weekday,1.4566666666666668,1.6808279085207734
2025-07-15,Breakfast,D,Vegetables,3.0,3.0,9.0,2025,7,15,Tuesday,29,196,3,False,False,False,False,False,July,Weekday,1.0,1.3862943611198906
2025-07-15,Dinner,B,Meat,3.56,8.0,28.48,2025,7,15,Tuesday,29,196,3,False,False,True,False,False,July,Weekday,0.445,1.5173226235262947
2025-07-15,Dinner,A,Rice,2.98,2.0,5.96,2025,7,15,Tuesday,29,196,3,False,False,False,False,False,July,Weekday,1.49,1.3812818192963463
2025-07-15,Breakfast,B,Soup,2.08,1.5,3.12,2025,7,15,Tuesday,29,196,3,False,False,False,False,False,July,Weekday,1.3866666666666667,1.1249295969854831
2025-07-15,Dinner,B,Vegetables,1.56,3.0,4.68,2025,7,15,Tuesday,29,196,3,False,False,False,False,False,July,Weekday,0.52,0.9400072584914712
2025-07-15,Dinner,D,Soup,2.15,1.5,3.2249999999999996,2025,7,15,Tuesday,29,196,3,False,False,False,False,False,July,Weekday,1.4333333333333333,1.1474024528375417
2025-07-15,Lunch,B,Meat,0.6,8.0,4.8,2025,7,15,Tuesday,29,196,3,False,False,False,False,False,July,Weekday,0.075,0.4700036292457356
2025-07-15,Lunch,A,Soup,4.06,1.5,6.09,2025,7,15,Tuesday,29,196,3,False,False,False,True,False,July,Weekday,2.7066666666666666,1.6213664832993742
2025-07-15,Breakfast,C,Vegetables,2.22,3.0,6.66,2025,7,15,Tuesday,29,196,3,False,False,False,False,False,July,Weekday,0.7400000000000001,1.169381359556317
2025-07-15,Lunch,C,Meat,2.34,8.0,18.72,2025,7,15,Tuesday,29,196,3,False,False,False,False,False,July,Weekday,0.2925,1.205970806988609
2025-07-15,Lunch,A,Vegetables,3.79,3.0,11.370000000000001,2025,7,15,Tuesday,29,196,3,False,False,False,False,False,July,Weekday,1.2633333333333334,1.5665304114228238
2025-07-15,Breakfast,D,Meat,1.07,8.0,8.56,2025,7,15,Tuesday,29,196,3,False,False,False,False,False,July,Weekday,0.13375,0.7275486072772778
2025-07-15,Lunch,D,Vegetables,3.03,3.0,9.09,2025,7,15,Tuesday,29,196,3,False,False,False,False,False,July,Weekday,1.01,1.3937663759585917
2025-07-15,Breakfast,C,Rice,1.0,2.0,2.0,2025,7,15,Tuesday,29,196,3,False,False,False,False,False,July,Weekday,0.5,0.6931471805599453
2025-07-15,Dinner,C,Soup,1.6,1.5,2.4000000000000004,2025,7,15,Tuesday,29,196,3,False,False,False,False,False,July,Weekday,1.0666666666666667,0.9555114450274365
2025-07-15,Breakfast,A,Meat,1.3,8.0,10.4,2025,7,15,Tuesday,29,196,3,False,False,False,False,False,July,Weekday,0.1625,0.832909122935104
2025-07-15,Dinner,C,Rice,0.52,2.0,1.04,2025,7,15,Tuesday,29,196,3,False,False,False,False,False,July,Weekday,0.26,0.41871033485818504
2025-07-15,Dinner,B,Rice,4.09,2.0,8.18,2025,7,15,Tuesday,29,196,3,False,False,False,True,False,July,Weekday,2.045,1.6272778305624314
2025-07-15,Breakfast,A,Soup,0.88,1.5,1.32,2025,7,15,Tuesday,29,196,3,False,False,False,False,False,July,Weekday,0.5866666666666667,0.6312717768418579
2025-07-16,Breakfast,D,Rice,0.36,2.0,0.72,2025,7,16,Wednesday,29,197,3,False,False,False,False,False,July,Weekday,0.18,0.3074846997479606
2025-07-16,Breakfast,B,Rice,3.5,2.0,7.0,2025,7,16,Wednesday,29,197,3,False,False,False,False,False,July,Weekday,1.75,1.5040773967762742
2025-07-16,Dinner,B,Soup,1.9,1.5,2.8499999999999996,2025,7,16,Wednesday,29,197,3,False,False,False,False,False,July,Weekday,1.2666666666666666,1.0647107369924282
2025-07-16,Lunch,D,Soup,2.34,1.5,3.51,2025,7,16,Wednesday,29,197,3,False,False,False,False,False,July,Weekday,1.5599999999999998,1.205970806988609
2025-07-16,Breakfast,C,Meat,0.79,8.0,6.32,2025,7,16,Wednesday,29,197,3,False,False,False,False,False,July,Weekday,0.09875,0.5822156198526637
2025-07-16,Breakfast,C,Rice,2.5,2.0,5.0,2025,7,16,Wednesday,29,197,3,False,False,False,False,False,July,Weekday,1.25,1.252762968495368
2025-07-16,Lunch,C,Meat,0.25,8.0,2.0,2025,7,16,Wednesday,29,197,3,False,False,False,False,False,July,Weekday,0.03125,0.22314355131420976
2025-07-16,Breakfast,C,Soup,2.31,1.5,3.465,2025,7,16,Wednesday,29,197,3,False,False,False,False,False,July,Weekday,1.54,1.1969481893889715
2025-07-16,Lunch,B,Vegetables,4.22,3.0,12.66,2025,7,16,Wednesday,29,197,3,False,False,False,True,False,July,Weekday,1.4066666666666665,1.6524974018945473
2025-07-16,Lunch,C,Vegetables,3.83,3.0,11.49,2025,7,16,Wednesday,29,197,3,False,False,False,False,False,July,Weekday,1.2766666666666666,1.5748464676644813
2025-07-16,Lunch,A,Meat,4.82,8.0,38.56,2025,7,16,Wednesday,29,197,3,False,False,True,True,True,July,Weekday,0.6025,1.7613002617433464
2025-07-16,Dinner,A,Soup,0.65,1.5,0.9750000000000001,2025,7,16,Wednesday,29,197,3,False,False,False,False,False,July,Weekday,0.43333333333333335,0.5007752879124893
2025-07-16,Breakfast,A,Meat,1.98,8.0,15.84,2025,7,16,Wednesday,29,197,3,False,False,False,False,False,July,Weekday,0.2475,1.091923300517313
2025-07-16,Breakfast,A,Rice,0.78,2.0,1.56,2025,7,16,Wednesday,29,197,3,False,False,False,False,False,July,Weekday,0.39,0.5766133643039938
2025-07-16,Dinner,B,Vegetables,4.13,3.0,12.39,2025,7,16,Wednesday,29,197,3,False,False,False,True,False,July,Weekday,1.3766666666666667,1.635105659182678
2025-07-16,Lunch,B,Soup,2.49,1.5,3.7350000000000003,2025,7,16,Wednesday,29,197,3,False,False,False,False,False,July,Weekday,1.6600000000000001,1.2499017362143359
2025-07-16,Dinner,D,Soup,3.78,1.5,5.67,2025,7,16,Wednesday,29,197,3,False,False,False,False,False,July,Weekday,2.52,1.5644405465033646
2025-07-16,Dinner,B,Meat,3.9,8.0,31.2,2025,7,16,Wednesday,29,197,3,False,False,True,False,True,July,Weekday,0.4875,1.589235205116581
2025-07-16,Breakfast,D,Vegetables,0.15,3.0,0.44999999999999996,2025,7,16,Wednesday,29,197,3,False,False,False,False,False,July,Weekday,0.049999999999999996,0.13976194237515868
2025-07-16,Breakfast,A,Soup,3.21,1.5,4.8149999999999995,2025,7,16,Wednesday,29,197,3,False,False,False,False,False,July,Weekday,2.14,1.43746264769429
2025-07-16,Lunch,A,Soup,2.53,1.5,3.795,2025,7,16,Wednesday,29,197,3,False,False,False,False,False,July,Weekday,1.6866666666666665,1.2612978709452054
2025-07-16,Dinner,A,Meat,3.85,8.0,30.8,2025,7,16,Wednesday,29,197,3,False,False,True,False,True,July,Weekday,0.48125,1.578978704949392
2025-07-16,Dinner,C,Meat,0.3,8.0,2.4,2025,7,16,Wednesday,29,197,3,False,False,False,False,False,July,Weekday,0.0375,0.26236426446749106
2025-07-16,Dinner,A,Vegetables,2.79,3.0,8.370000000000001,2025,7,16,Wednesday,29,197,3,False,False,False,False,False,July,Weekday,0.93,1.332366019094335
2025-07-16,Dinner,C,Soup,2.78,1.5,4.17,2025,7,16,Wednesday,29,197,3,False,False,False,False,False,July,Weekday,1.8533333333333333,1.3297240096314962
2025-07-16,Dinner,A,Rice,3.74,2.0,7.48,2025,7,16,Wednesday,29,197,3,False,False,False,False,False,July,Weekday,1.87,1.556037135706985
2025-07-16,Dinner,D,Vegetables,4.17,3.0,12.51,2025,7,16,Wednesday,29,197,3,False,False,False,True,False,July,Weekday,1.39,1.6428726885203377
2025-07-16,Lunch,D,Meat,2.73,8.0,21.84,2025,7,16,Wednesday,29,197,3,False,False,False,False,False,July,Weekday,0.34125,1.3164082336557241
2025-07-16,Dinner,D,Rice,4.95,2.0,9.9,2025,7,16,Wednesday,29,197,3,False,False,False,True,False,July,Weekday,2.475,1.7833912195575383
2025-07-16,Lunch,D,Vegetables,0.92,3.0,2.7600000000000002,2025,7,16,Wednesday,29,197,3,False,False,False,False,False,July,Weekday,0.3066666666666667,0.6523251860396903
2025-07-16,Breakfast,B,Soup,2.82,1.5,4.2299999999999995,2025,7,16,Wednesday,29,197,3,False,False,False,False,False,July,Weekday,1.88,1.3402504226184837
2025-07-16,Dinner,B,Rice,0.66,2.0,1.32,2025,7,16,Wednesday,29,197,3,False,False,False,False,False,July,Weekday,0.33,0.5068176023684519
2025-07-16,Lunch,B,Rice,3.46,2.0,6.92,2025,7,16,Wednesday,29,197,3,False,False,False,False,False,July,Weekday,1.73,1.4951487660319727
2025-07-16,Dinner,D,Meat,0.6,8.0,4.8,2025,7,16,Wednesday,29,197,3,False,False,False,False,False,July,Weekday,0.075,0.4700036292457356
2025-07-16,Breakfast,C,Vegetables,1.64,3.0,4.92,2025,7,16,Wednesday,29,197,3,False,False,False,False,False,July,Weekday,0.5466666666666666,0.9707789171582247
2025-07-16,Lunch,B,Meat,2.14,8.0,17.12,2025,7,16,Wednesday,29,197,3,False,False,False,False,False,July,Weekday,0.2675,1.144222799920162
2025-07-16,Lunch,D,Rice,1.45,2.0,2.9,2025,7,16,Wednesday,29,197,3,False,False,False,False,False,July,Weekday,0.725,0.8960880245566356
2025-07-16,Dinner,C,Rice,4.13,2.0,8.26,2025,7,16,Wednesday,29,197,3,False,False,False,True,False,July,Weekday,2.065,1.635105659182678
2025-07-16,Breakfast,B,Vegetables,5.0,3.0,15.0,2025,7,16,Wednesday,29,197,3,False,False,False,True,False,July,Weekday,1.6666666666666667,1.791759469228055
2025-07-17,Breakfast,C,Rice,1.26,2.0,2.52,2025,7,17,Thursday,29,198,3,False,False,False,False,False,July,Weekday,0.63,0.8153648132841945
2025-07-17,Breakfast,B,Rice,4.1,2.0,8.2,2025,7,17,Thursday,29,198,3,False,False,False,True,False,July,Weekday,2.05,1.62924053973028
2025-07-17,Dinner,B,Soup,4.16,1.5,6.24,2025,7,17,Thursday,29,198,3,False,False,False,True,False,July,Weekday,2.7733333333333334,1.6409365794934714
2025-07-17,Dinner,D,Rice,1.42,2.0,2.84,2025,7,17,Thursday,29,198,3,False,False,False,False,False,July,Weekday,0.71,0.8837675401685949
2025-07-17,Dinner,B,Vegetables,3.59,3.0,10.77,2025,7,17,Thursday,29,198,3,False,False,False,False,False,July,Weekday,1.1966666666666665,1.5238800240724537
2025-07-17,Breakfast,C,Vegetables,2.98,3.0,8.94,2025,7,17,Thursday,29,198,3,False,False,False,False,False,July,Weekday,0.9933333333333333,1.3812818192963463
2025-07-17,Dinner,D,Vegetables,2.31,3.0,6.93,2025,7,17,Thursday,29,198,3,False,False,False,False,False,July,Weekday,0.77,1.1969481893889715
2025-07-17,Lunch,B,Vegetables,1.69,3.0,5.07,2025,7,17,Thursday,29,198,3,False,False,False,False,False,July,Weekday,0.5633333333333334,0.9895411936137477
2025-07-17,Lunch,B,Meat,2.74,8.0,21.92,2025,7,17,Thursday,29,198,3,False,False,False,False,False,July,Weekday,0.3425,1.3190856114264407
2025-07-17,Breakfast,A,Meat,5.0,8.0,40.0,2025,7,17,Thursday,29,198,3,False,False,True,True,True,July,Weekday,0.625,1.791759469228055
2025-07-17,Dinner,D,Soup,3.2,1.5,4.800000000000001,2025,7,17,Thursday,29,198,3,False,False,False,False,False,July,Weekday,2.1333333333333333,1.4350845252893227
2025-07-17,Dinner,A,Meat,4.96,8.0,39.68,2025,7,17,Thursday,29,198,3,False,False,True,True,True,July,Weekday,0.62,1.7850704810772584
2025-07-17,Lunch,B,Rice,1.48,2.0,2.96,2025,7,17,Thursday,29,198,3,False,False,False,False,False,July,Weekday,0.74,0.9082585601768908
2025-07-17,Dinner,C,Soup,2.93,1.5,4.3950000000000005,2025,7,17,Thursday,29,198,3,False,False,False,False,False,July,Weekday,1.9533333333333334,1.3686394258811698
2025-07-17,Lunch,C,Vegetables,4.3,3.0,12.899999999999999,2025,7,17,Thursday,29,198,3,False,False,False,True,False,July,Weekday,1.4333333333333333,1.667706820558076
2025-07-17,Lunch,C,Meat,1.41,8.0,11.28,2025,7,17,Thursday,29,198,3,False,False,False,False,False,July,Weekday,0.17625,0.8796267475025636
2025-07-17,Breakfast,D,Rice,3.58,2.0,7.16,2025,7,17,Thursday,29,198,3,False,False,False,False,False,July,Weekday,1.79,1.5216989981260935
2025-07-17,Lunch,C,Soup,4.93,1.5,7.395,2025,7,17,Thursday,29,198,3,False,False,False,True,False,July,Weekday,3.2866666666666666,1.780024213009634
2025-07-17,Dinner,B,Meat,1.32,8.0,10.56,2025,7,17,Thursday,29,198,3,False,False,False,False,False,July,Weekday,0.165,0.8415671856782186
2025-07-17,Dinner,C,Meat,3.41,8.0,27.28,2025,7,17,Thursday,29,198,3,False,False,True,False,False,July,Weekday,0.42625,1.4838746894587547
2025-07-17,Breakfast,D,Vegetables,0.91,3.0,2.73,2025,7,17,Thursday,29,198,3,False,False,False,False,False,July,Weekday,0.30333333333333334,0.6471032420585385
2025-07-17,Lunch,A,Vegetables,0.39,3.0,1.17,2025,7,17,Thursday,29,198,3,False,False,False,False,False,July,Weekday,0.13,0.3293037471426004
2025-07-17,Breakfast,D,Meat,3.2,8.0,25.6,2025,7,17,Thursday,29,198,3,False,False,True,False,False,July,Weekday,0.4,1.4350845252893227
2025-07-17,Lunch,C,Rice,1.52,2.0,3.04,2025,7,17,Thursday,29,198,3,False,False,False,False,False,July,Weekday,0.76,0.924258901523332
2025-07-17,Lunch,A,Rice,1.11,2.0,2.22,2025,7,17,Thursday,29,198,3,False,False,False,False,False,July,Weekday,0.555,0.7466879474879752
2025-07-17,Lunch,A,Meat,1.11,8.0,8.88,2025,7,17,Thursday,29,198,3,False,False,False,False,False,July,Weekday,0.13875,0.7466879474879752
2025-07-17,Dinner,A,Soup,0.72,1.5,1.08,2025,7,17,Thursday,29,198,3,False,False,False,False,False,July,Weekday,0.48,0.5423242908253616
2025-07-17,Dinner,A,Rice,4.6,2.0,9.2,2025,7,17,Thursday,29,198,3,False,False,False,True,False,July,Weekday,2.3,1.7227665977411035
2025-07-17,Dinner,D,Meat,2.13,8.0,17.04,2025,7,17,Thursday,29,198,3,False,False,False,False,False,July,Weekday,0.26625,1.1410330045520618
2025-07-17,Lunch,D,Vegetables,4.82,3.0,14.46,2025,7,17,Thursday,29,198,3,False,False,False,True,False,July,Weekday,1.6066666666666667,1.7613002617433464
2025-07-17,Dinner,B,Rice,4.34,2.0,8.68,2025,7,17,Thursday,29,198,3,False,False,False,True,False,July,Weekday,2.17,1.6752256529721035
2025-07-17,Breakfast,D,Soup,0.78,1.5,1.17,2025,7,17,Thursday,29,198,3,False,False,False,False,False,July,Weekday,0.52,0.5766133643039938
2025-07-17,Lunch,A,Soup,1.82,1.5,2.73,2025,7,17,Thursday,29,198,3,False,False,False,False,False,July,Weekday,1.2133333333333334,1.0367368849500223
2025-07-17,Breakfast,B,Soup,3.9,1.5,5.85,2025,7,17,Thursday,29,198,3,False,False,False,False,False,July,Weekday,2.6,1.589235205116581
2025-07-17,Breakfast,A,Soup,1.81,1.5,2.715,2025,7,17,Thursday,29,198,3,False,False,False,False,False,July,Weekday,1.2066666666666668,1.0331844833456545
2025-07-17,Lunch,D,Rice,3.43,2.0,6.86,2025,7,17,Thursday,29,198,3,False,False,False,False,False,July,Weekday,1.715,1.4883995840570443
2025-07-17,Breakfast,A,Vegetables,2.3,3.0,6.8999999999999995,2025,7,17,Thursday,29,198,3,False,False,False,False,False,July,Weekday,0.7666666666666666,1.1939224684724346
2025-07-17,Breakfast,A,Rice,1.56,2.0,3.12,2025,7,17,Thursday,29,198,3,False,False,False,False,False,July,Weekday,0.78,0.9400072584914712
2025-07-17,Breakfast,C,Meat,4.07,8.0,32.56,2025,7,17,Thursday,29,198,3,False,False,True,True,True,July,Weekday,0.50875,1.623340817603092
2025-07-17,Dinner,A,Vegetables,4.35,3.0,13.049999999999999,2025,7,17,Thursday,29,198,3,False,False,False,True,False,July,Weekday,1.45,1.6770965609079151
2025-07-17,Dinner,C,Vegetables,2.5,3.0,7.5,2025,7,17,Thursday,29,198,3,False,False,False,False,False,July,Weekday,0.8333333333333334,1.252762968495368
2025-07-17,Breakfast,C,Soup,1.82,1.5,2.73,2025,7,17,Thursday,29,198,3,False,False,False,False,False,July,Weekday,1.2133333333333334,1.0367368849500223
2025-07-18,Dinner,D,Vegetables,1.92,3.0,5.76,2025,7,18,Friday,29,199,3,False,False,False,False,False,July,Weekday,0.64,1.0715836162801904
2025-07-18,Dinner,B,Soup,0.75,1.5,1.125,2025,7,18,Friday,29,199,3,False,False,False,False,False,July,Weekday,0.5,0.5596157879354227
2025-07-18,Dinner,B,Meat,1.09,8.0,8.72,2025,7,18,Friday,29,199,3,False,False,False,False,False,July,Weekday,0.13625,0.7371640659767197
2025-07-18,Dinner,D,Meat,1.33,8.0,10.64,2025,7,18,Friday,29,199,3,False,False,False,False,False,July,Weekday,0.16625,0.8458682675776092
2025-07-18,Dinner,A,Soup,0.1,1.5,0.15000000000000002,2025,7,18,Friday,29,199,3,False,False,False,False,False,July,Weekday,0.06666666666666667,0.09531017980432487
2025-07-18,Dinner,C,Vegetables,4.67,3.0,14.01,2025,7,18,Friday,29,199,3,False,False,False,True,False,July,Weekday,1.5566666666666666,1.7351891177396608
2025-07-18,Breakfast,D,Soup,0.41,1.5,0.615,2025,7,18,Friday,29,199,3,False,False,False,False,False,July,Weekday,0.2733333333333333,0.3435897043900769
2025-07-18,Dinner,A,Vegetables,2.26,3.0,6.779999999999999,2025,7,18,Friday,29,199,3,False,False,False,False,False,July,Weekday,0.7533333333333333,1.1817271953786161
2025-07-18,Breakfast,D,Rice,2.35,2.0,4.7,2025,7,18,Friday,29,199,3,False,False,False,False,False,July,Weekday,1.175,1.208960345836975
2025-07-18,Lunch,D,Meat,0.59,8.0,4.72,2025,7,18,Friday,29,199,3,False,False,False,False,False,July,Weekday,0.07375,0.46373401623214017
2025-07-18,Lunch,B,Meat,4.16,8.0,33.28,2025,7,18,Friday,29,199,3,False,False,True,True,True,July,Weekday,0.52,1.6409365794934714
2025-07-18,Breakfast,A,Vegetables,2.63,3.0,7.89,2025,7,18,Friday,29,199,3,False,False,False,False,False,July,Weekday,0.8766666666666666,1.2892326482767593
2025-07-18,Dinner,A,Rice,0.71,2.0,1.42,2025,7,18,Friday,29,199,3,False,False,False,False,False,July,Weekday,0.355,0.5364933705145685
2025-07-18,Breakfast,A,Rice,4.41,2.0,8.82,2025,7,18,Friday,29,199,3,False,False,False,True,False,July,Weekday,2.205,1.6882490928583902
2025-07-18,Lunch,B,Vegetables,1.76,3.0,5.28,2025,7,18,Friday,29,199,3,False,False,False,False,False,July,Weekday,0.5866666666666667,1.0152306797290587
2025-07-18,Breakfast,B,Soup,1.7,1.5,2.55,2025,7,18,Friday,29,199,3,False,False,False,False,False,July,Weekday,1.1333333333333333,0.9932517730102834
2025-07-18,Lunch,A,Meat,1.17,8.0,9.36,2025,7,18,Friday,29,199,3,False,False,False,False,False,July,Weekday,0.14625,0.7747271675523681
2025-07-18,Dinner,B,Vegetables,3.47,3.0,10.41,2025,7,18,Friday,29,199,3,False,False,False,False,False,July,Weekday,1.1566666666666667,1.4973884086254774
2025-07-18,Breakfast,C,Vegetables,3.69,3.0,11.07,2025,7,18,Friday,29,199,3,False,False,False,False,False,July,Weekday,1.23,1.545432582458188
2025-07-18,Breakfast,D,Meat,3.35,8.0,26.8,2025,7,18,Friday,29,199,3,False,False,True,False,False,July,Weekday,0.41875,1.4701758451005928
2025-07-18,Lunch,D,Soup,2.35,1.5,3.5250000000000004,2025,7,18,Friday,29,199,3,False,False,False,False,False,July,Weekday,1.5666666666666667,1.208960345836975
2025-07-18,Breakfast,A,Meat,0.56,8.0,4.48,2025,7,18,Friday,29,199,3,False,False,False,False,False,July,Weekday,0.07,0.44468582126144574
2025-07-18,Breakfast,B,Vegetables,4.76,3.0,14.28,2025,7,18,Friday,29,199,3,False,False,False,True,False,July,Weekday,1.5866666666666667,1.7509374747077997
2025-07-18,Lunch,C,Rice,2.87,2.0,5.74,2025,7,18,Friday,29,199,3,False,False,False,False,False,July,Weekday,1.435,1.3532545070416904
2025-07-18,Breakfast,B,Meat,1.91,8.0,15.28,2025,7,18,Friday,29,199,3,False,False,False,False,False,July,Weekday,0.23875,1.068153081183401
2025-07-18,Breakfast,C,Meat,3.89,8.0,31.12,2025,7,18,Friday,29,199,3,False,False,True,False,True,July,Weekday,0.48625,1.5871923034867808
2025-07-18,Dinner,B,Rice,4.79,2.0,9.58,2025,7,18,Friday,29,199,3,False,False,False,True,False,July,Weekday,2.395,1.7561322915849038
2025-07-18,Lunch,D,Rice,0.34,2.0,0.68,2025,7,18,Friday,29,199,3,False,False,False,False,False,July,Weekday,0.17,0.29266961396282
2025-07-18,Lunch,A,Rice,2.72,2.0,5.44,2025,7,18,Friday,29,199,3,False,False,False,False,False,July,Weekday,1.36,1.3137236682850553
2025-07-18,Breakfast,D,Vegetables,1.86,3.0,5.58,2025,7,18,Friday,29,199,3,False,False,False,False,False,July,Weekday,0.62,1.0508216248317612
2025-07-18,Dinner,D,Rice,3.31,2.0,6.62,2025,7,18,Friday,29,199,3,False,False,False,False,False,July,Weekday,1.655,1.4609379041156565
2025-07-18,Lunch,C,Meat,2.48,8.0,19.84,2025,7,18,Friday,29,199,3,False,False,False,False,False,July,Weekday,0.31,1.247032293786383
2025-07-18,Dinner,A,Meat,4.3,8.0,34.4,2025,7,18,Friday,29,199,3,False,False,True,True,True,July,Weekday,0.5375,1.667706820558076
2025-07-18,Dinner,C,Rice,3.28,2.0,6.56,2025,7,18,Friday,29,199,3,False,False,False,False,False,July,Weekday,1.64,1.4539530095937054
2025-07-18,Dinner,C,Meat,0.88,8.0,7.04,2025,7,18,Friday,29,199,3,False,False,False,False,False,July,Weekday,0.11,0.6312717768418579
2025-07-18,Lunch,A,Soup,1.14,1.5,1.71,2025,7,18,Friday,29,199,3,False,False,False,False,False,July,Weekday,0.7599999999999999,0.76080582903376
2025-07-18,Dinner,D,Soup,4.53,1.5,6.795,2025,7,18,Friday,29,199,3,False,False,False,True,False,July,Weekday,3.02,1.7101878155342436
2025-07-18,Breakfast,A,Soup,1.46,1.5,2.19,2025,7,18,Friday,29,199,3,False,False,False,False,False,July,Weekday,0.9733333333333333,0.9001613499442714
2025-07-18,Breakfast,C,Rice,0.11,2.0,0.22,2025,7,18,Friday,29,199,3,False,False,False,False,False,July,Weekday,0.055,0.10436001532424277
2025-07-18,Lunch,C,Soup,3.44,1.5,5.16,2025,7,18,Friday,29,199,3,False,False,False,False,False,July,Weekday,2.2933333333333334,1.4906543764441333
2025-07-18,Breakfast,B,Rice,4.69,2.0,9.38,2025,7,18,Friday,29,199,3,False,False,False,True,False,July,Weekday,2.345,1.7387102481382395
2025-07-19,Breakfast,A,Meat,2.04,8.0,16.32,2025,7,19,Saturday,29,200,3,True,False,False,False,False,July,Weekend,0.255,1.1118575154181303
2025-07-19,Breakfast,D,Vegetables,4.1,3.0,12.299999999999999,2025,7,19,Saturday,29,200,3,True,False,False,True,False,July,Weekend,1.3666666666666665,1.62924053973028
2025-07-19,Lunch,D,Vegetables,2.7,3.0,8.100000000000001,2025,7,19,Saturday,29,200,3,True,False,False,False,False,July,Weekend,0.9,1.308332819650179
2025-07-19,Breakfast,B,Soup,0.11,1.5,0.165,2025,7,19,Saturday,29,200,3,True,False,False,False,False,July,Weekend,0.07333333333333333,0.10436001532424277
2025-07-19,Breakfast,D,Rice,0.15,2.0,0.3,2025,7,19,Saturday,29,200,3,True,False,False,False,False,July,Weekend,0.075,0.13976194237515868
2025-07-19,Dinner,B,Vegetables,3.46,3.0,10.379999999999999,2025,7,19,Saturday,29,200,3,True,False,False,False,False,July,Weekend,1.1533333333333333,1.4951487660319727
2025-07-19,Lunch,A,Meat,0.75,8.0,6.0,2025,7,19,Saturday,29,200,3,True,False,False,False,False,July,Weekend,0.09375,0.5596157879354227
2025-07-19,Dinner,D,Meat,4.82,8.0,38.56,2025,7,19,Saturday,29,200,3,True,False,True,True,True,July,Weekend,0.6025,1.7613002617433464
2025-07-19,Lunch,B,Rice,3.68,2.0,7.36,2025,7,19,Saturday,29,200,3,True,False,False,False,False,July,Weekend,1.84,1.5432981099295553
2025-07-19,Breakfast,A,Vegetables,1.6,3.0,4.800000000000001,2025,7,19,Saturday,29,200,3,True,False,False,False,False,July,Weekend,0.5333333333333333,0.9555114450274365
2025-07-19,Breakfast,A,Soup,3.53,1.5,5.295,2025,7,19,Saturday,29,200,3,True,False,False,False,False,July,Weekend,2.353333333333333,1.5107219394949427
2025-07-19,Breakfast,C,Soup,3.43,1.5,5.1450000000000005,2025,7,19,Saturday,29,200,3,True,False,False,False,False,July,Weekend,2.2866666666666666,1.4883995840570443
2025-07-19,Breakfast,C,Meat,0.75,8.0,6.0,2025,7,19,Saturday,29,200,3,True,False,False,False,False,July,Weekend,0.09375,0.5596157879354227
2025-07-19,Dinner,A,Soup,3.18,1.5,4.7700000000000005,2025,7,19,Saturday,29,200,3,True,False,False,False,False,July,Weekend,2.12,1.430311246536665
2025-07-19,Lunch,C,Soup,0.75,1.5,1.125,2025,7,19,Saturday,29,200,3,True,False,False,False,False,July,Weekend,0.5,0.5596157879354227
2025-07-19,Dinner,B,Rice,0.84,2.0,1.68,2025,7,19,Saturday,29,200,3,True,False,False,False,False,July,Weekend,0.42,0.6097655716208943
2025-07-19,Dinner,B,Meat,2.12,8.0,16.96,2025,7,19,Saturday,29,200,3,True,False,False,False,False,July,Weekend,0.265,1.1378330018213911
2025-07-19,Dinner,C,Rice,0.52,2.0,1.04,2025,7,19,Saturday,29,200,3,True,False,False,False,False,July,Weekend,0.26,0.41871033485818504
2025-07-19,Lunch,C,Vegetables,3.79,3.0,11.370000000000001,2025,7,19,Saturday,29,200,3,True,False,False,False,False,July,Weekend,1.2633333333333334,1.5665304114228238
2025-07-19,Lunch,B,Soup,4.42,1.5,6.63,2025,7,19,Saturday,29,200,3,True,False,False,True,False,July,Weekend,2.9466666666666668,1.6900958154515549
2025-07-19,Lunch,B,Meat,0.6,8.0,4.8,2025,7,19,Saturday,29,200,3,True,False,False,False,False,July,Weekend,0.075,0.4700036292457356
2025-07-19,Lunch,C,Meat,3.89,8.0,31.12,2025,7,19,Saturday,29,200,3,True,False,True,False,True,July,Weekend,0.48625,1.5871923034867808
2025-07-19,Lunch,D,Soup,0.14,1.5,0.21000000000000002,2025,7,19,Saturday,29,200,3,True,False,False,False,False,July,Weekend,0.09333333333333334,0.1310282624064041
2025-07-19,Lunch,C,Rice,0.77,2.0,1.54,2025,7,19,Saturday,29,200,3,True,False,False,False,False,July,Weekend,0.385,0.5709795465857378
2025-07-19,Lunch,A,Rice,2.17,2.0,4.34,2025,7,19,Saturday,29,200,3,True,False,False,False,False,July,Weekend,1.085,1.1537315878891892
2025-07-19,Breakfast,A,Rice,0.91,2.0,1.82,2025,7,19,Saturday,29,200,3,True,False,False,False,False,July,Weekend,0.455,0.6471032420585385
2025-07-19,Dinner,A,Meat,2.26,8.0,18.08,2025,7,19,Saturday,29,200,3,True,False,False,False,False,July,Weekend,0.2825,1.1817271953786161
2025-07-19,Dinner,C,Soup,2.99,1.5,4.485,2025,7,19,Saturday,29,200,3,True,False,False,False,False,July,Weekend,1.9933333333333334,1.3837912309017721
2025-07-19,Breakfast,B,Vegetables,3.55,3.0,10.649999999999999,2025,7,19,Saturday,29,200,3,True,False,False,False,False,July,Weekend,1.1833333333333333,1.515127232962859
2025-07-19,Dinner,C,Meat,0.59,8.0,4.72,2025,7,19,Saturday,29,200,3,True,False,False,False,False,July,Weekend,0.07375,0.46373401623214017
2025-07-19,Dinner,D,Soup,0.79,1.5,1.185,2025,7,19,Saturday,29,200,3,True,False,False,False,False,July,Weekend,0.5266666666666667,0.5822156198526637
2025-07-19,Lunch,D,Rice,4.97,2.0,9.94,2025,7,19,Saturday,29,200,3,True,False,False,True,False,July,Weekend,2.485,1.7867469274045107
2025-07-19,Dinner,A,Vegetables,3.64,3.0,10.92,2025,7,19,Saturday,29,200,3,True,False,False,False,False,July,Weekend,1.2133333333333334,1.534714366238164
2025-07-19,Dinner,A,Rice,3.29,2.0,6.58,2025,7,19,Saturday,29,200,3,True,False,False,False,False,July,Weekend,1.645,1.4562867329399256
2025-07-19,Breakfast,D,Meat,3.51,8.0,28.08,2025,7,19,Saturday,29,200,3,True,False,True,False,False,July,Weekend,0.43875,1.5062971535145868
2025-07-19,Dinner,C,Vegetables,3.79,3.0,11.370000000000001,2025,7,19,Saturday,29,200,3,True,False,False,False,False,July,Weekend,1.2633333333333334,1.5665304114228238
2025-07-19,Breakfast,D,Soup,4.94,1.5,7.41,2025,7,19,Saturday,29,200,3,True,False,False,True,False,July,Weekend,3.2933333333333334,1.7817091333745536
2025-07-19,Breakfast,B,Meat,3.31,8.0,26.48,2025,7,19,Saturday,29,200,3,True,False,True,False,False,July,Weekend,0.41375,1.4609379041156565
2025-07-19,Lunch,B,Vegetables,1.64,3.0,4.92,2025,7,19,Saturday,29,200,3,True,False,False,False,False,July,Weekend,0.5466666666666666,0.9707789171582247
2025-07-19,Lunch,A,Vegetables,0.45,3.0,1.35,2025,7,19,Saturday,29,200,3,True,False,False,False,False,July,Weekend,0.15,0.37156355643248307
2025-07-19,Dinner,D,Rice,1.98,2.0,3.96,2025,7,19,Saturday,29,200,3,True,False,False,False,False,July,Weekend,0.99,1.091923300517313
2025-07-19,Breakfast,C,Vegetables,1.21,3.0,3.63,2025,7,19,Saturday,29,200,3,True,False,False,False,False,July,Weekend,0.4033333333333333,0.7929925155296614
2025-07-19,Breakfast,C,Rice,2.44,2.0,4.88,2025,7,19,Saturday,29,200,3,True,False,False,False,False,July,Weekend,1.22,1.235471471385307
2025-07-19,Dinner,D,Vegetables,1.64,3.0,4.92,2025,7,19,Saturday,29,200,3,True,False,False,False,False,July,Weekend,0.5466666666666666,0.9707789171582247
2025-07-19,Breakfast,B,Rice,1.25,2.0,2.5,2025,7,19,Saturday,29,200,3,True,False,False,False,False,July,Weekend,0.625,0.8109302162163288
2025-07-20,Breakfast,A,Soup,3.04,1.5,4.5600000000000005,2025,7,20,Sunday,29,201,3,True,False,False,False,False,July,Weekend,2.026666666666667,1.3962446919730587
2025-07-20,Lunch,D,Meat,3.45,8.0,27.6,2025,7,20,Sunday,29,201,3,True,False,True,False,False,July,Weekend,0.43125,1.4929040961781488
2025-07-20,Lunch,A,Vegetables,0.65,3.0,1.9500000000000002,2025,7,20,Sunday,29,201,3,True,False,False,False,False,July,Weekend,0.21666666666666667,0.5007752879124893
2025-07-20,Breakfast,C,Soup,2.6,1.5,3.9000000000000004,2025,7,20,Sunday,29,201,3,True,False,False,False,False,July,Weekend,1.7333333333333334,1.2809338454620645
2025-07-20,Breakfast,D,Vegetables,0.37,3.0,1.1099999999999999,2025,7,20,Sunday,29,201,3,True,False,False,False,False,July,Weekend,0.12333333333333334,0.31481073984003355
2025-07-20,Dinner,A,Meat,0.18,8.0,1.44,2025,7,20,Sunday,29,201,3,True,False,False,False,False,July,Weekend,0.0225,0.16551443847757338
2025-07-20,Lunch,D,Vegetables,3.84,3.0,11.52,2025,7,20,Sunday,29,201,3,True,False,False,False,False,July,Weekend,1.28,1.5769147207285403
2025-07-20,Dinner,C,Rice,3.18,2.0,6.36,2025,7,20,Sunday,29,201,3,True,False,False,False,False,July,Weekend,1.59,1.430311246536665
2025-07-20,Lunch,B,Rice,3.01,2.0,6.02,2025,7,20,Sunday,29,201,3,True,False,False,False,False,July,Weekend,1.505,1.3887912413184778
2025-07-20,Dinner,B,Meat,0.4,8.0,3.2,2025,7,20,Sunday,29,201,3,True,False,False,False,False,July,Weekend,0.05,0.33647223662121295
2025-07-20,Dinner,C,Vegetables,2.14,3.0,6.42,2025,7,20,Sunday,29,201,3,True,False,False,False,False,July,Weekend,0.7133333333333334,1.144222799920162
2025-07-20,Breakfast,A,Meat,0.51,8.0,4.08,2025,7,20,Sunday,29,201,3,True,False,False,False,False,July,Weekend,0.06375,0.412109650826833
2025-07-20,Dinner,B,Vegetables,3.97,3.0,11.91,2025,7,20,Sunday,29,201,3,True,False,False,False,False,July,Weekend,1.3233333333333335,1.6034198401085373
2025-07-20,Lunch,B,Vegetables,4.89,3.0,14.669999999999998,2025,7,20,Sunday,29,201,3,True,False,False,True,False,July,Weekend,1.63,1.7732559976634952
2025-07-20,Dinner,D,Rice,0.5,2.0,1.0,2025,7,20,Sunday,29,201,3,True,False,False,False,False,July,Weekend,0.25,0.4054651081081644
2025-07-20,Lunch,D,Soup,4.78,1.5,7.17,2025,7,20,Sunday,29,201,3,True,False,False,True,False,July,Weekend,3.186666666666667,1.7544036826842861
2025-07-20,Dinner,D,Meat,2.73,8.0,21.84,2025,7,20,Sunday,29,201,3,True,False,False,False,False,July,Weekend,0.34125,1.3164082336557241
2025-07-20,Dinner,D,Vegetables,3.12,3.0,9.36,2025,7,20,Sunday,29,201,3,True,False,False,False,False,July,Weekend,1.04,1.415853163361435
2025-07-20,Lunch,C,Meat,0.75,8.0,6.0,2025,7,20,Sunday,29,201,3,True,False,False,False,False,July,Weekend,0.09375,0.5596157879354227
2025-07-20,Dinner,C,Meat,2.56,8.0,20.48,2025,7,20,Sunday,29,201,3,True,False,False,False,False,July,Weekend,0.32,1.269760544863939
2025-07-20,Lunch,A,Rice,4.78,2.0,9.56,2025,7,20,Sunday,29,201,3,True,False,False,True,False,July,Weekend,2.39,1.7544036826842861
2025-07-20,Lunch,C,Vegetables,4.32,3.0,12.96,2025,7,20,Sunday,29,201,3,True,False,False,True,False,July,Weekend,1.4400000000000002,1.6714733033535532
2025-07-20,Dinner,B,Soup,2.58,1.5,3.87,2025,7,20,Sunday,29,201,3,True,False,False,False,False,July,Weekend,1.72,1.275362800412609
2025-07-20,Breakfast,B,Meat,3.92,8.0,31.36,2025,7,20,Sunday,29,201,3,True,False,True,False,True,July,Weekend,0.49,1.5933085305042167
2025-07-20,Dinner,A,Vegetables,0.43,3.0,1.29,2025,7,20,Sunday,29,201,3,True,False,False,False,False,July,Weekend,0.14333333333333334,0.3576744442718159
2025-07-20,Breakfast,D,Meat,1.55,8.0,12.4,2025,7,20,Sunday,29,201,3,True,False,False,False,False,July,Weekend,0.19375,0.9360933591703348
2025-07-20,Breakfast,B,Vegetables,3.48,3.0,10.44,2025,7,20,Sunday,29,201,3,True,False,False,False,False,July,Weekend,1.16,1.4996230464268938
2025-07-20,Dinner,A,Soup,1.38,1.5,2.07,2025,7,20,Sunday,29,201,3,True,False,False,False,False,July,Weekend,0.9199999999999999,0.8671004876833832
2025-07-20,Breakfast,A,Rice,1.46,2.0,2.92,2025,7,20,Sunday,29,201,3,True,False,False,False,False,July,Weekend,0.73,0.9001613499442714
2025-07-20,Lunch,D,Rice,1.89,2.0,3.78,2025,7,20,Sunday,29,201,3,True,False,False,False,False,July,Weekend,0.945,1.0612565021243408
2025-07-20,Lunch,A,Soup,2.55,1.5,3.8249999999999997,2025,7,20,Sunday,29,201,3,True,False,False,False,False,July,Weekend,1.7,1.2669476034873244
2025-07-20,Lunch,C,Rice,4.68,2.0,9.36,2025,7,20,Sunday,29,201,3,True,False,False,True,False,July,Weekend,2.34,1.7369512327330598
2025-07-20,Breakfast,C,Vegetables,2.64,3.0,7.92,2025,7,20,Sunday,29,201,3,True,False,False,False,False,July,Weekend,0.88,1.2919836816486494
2025-07-20,Breakfast,D,Soup,4.5,1.5,6.75,2025,7,20,Sunday,29,201,3,True,False,False,True,False,July,Weekend,3.0,1.7047480922384253
2025-07-20,Dinner,B,Rice,0.3,2.0,0.6,2025,7,20,Sunday,29,201,3,True,False,False,False,False,July,Weekend,0.15,0.26236426446749106
2025-07-20,Breakfast,C,Rice,3.33,2.0,6.66,2025,7,20,Sunday,29,201,3,True,False,False,False,False,July,Weekend,1.665,1.4655675420143985
2025-07-20,Dinner,A,Rice,3.87,2.0,7.74,2025,7,20,Sunday,29,201,3,True,False,False,False,False,July,Weekend,1.935,1.5830939370944985
2025-07-20,Breakfast,B,Rice,3.08,2.0,6.16,2025,7,20,Sunday,29,201,3,True,False,False,False,False,July,Weekend,1.54,1.4060969884160703
2025-07-20,Breakfast,B,Soup,4.25,1.5,6.375,2025,7,20,Sunday,29,201,3,True,False,False,True,False,July,Weekend,2.8333333333333335,1.6582280766035324
2025-07-20,Lunch,A,Meat,2.52,8.0,20.16,2025,7,20,Sunday,29,201,3,True,False,False,False,False,July,Weekend,0.315,1.2584609896100059
2025-07-20,Breakfast,A,Vegetables,2.81,3.0,8.43,2025,7,20,Sunday,29,201,3,True,False,False,False,False,July,Weekend,0.9366666666666666,1.3376291891386096
2025-07-20,Dinner,C,Soup,3.54,1.5,5.3100000000000005,2025,7,20,Sunday,29,201,3,True,False,False,False,False,July,Weekend,2.36,1.5129270120532565
2025-07-20,Lunch,B,Meat,2.69,8.0,21.52,2025,7,20,Sunday,29,201,3,True,False,False,False,False,July,Weekend,0.33625,1.3056264580524357
2025-07-21,Breakfast,C,Meat,0.42,8.0,3.36,2025,7,21,Monday,30,202,3,False,False,False,False,False,July,Weekday,0.0525,0.35065687161316933
2025-07-21,Breakfast,B,Soup,4.19,1.5,6.285,2025,7,21,Monday,30,202,3,False,False,False,True,False,July,Weekday,2.7933333333333334,1.6467336971777973
2025-07-21,Breakfast,B,Meat,2.01,8.0,16.08,2025,7,21,Monday,30,202,3,False,False,False,False,False,July,Weekday,0.25125,1.1019400787607843
2025-07-21,Dinner,A,Rice,1.42,2.0,2.84,2025,7,21,Monday,30,202,3,False,False,False,False,False,July,Weekday,0.71,0.8837675401685949
2025-07-21,Dinner,D,Rice,2.55,2.0,5.1,2025,7,21,Monday,30,202,3,False,False,False,False,False,July,Weekday,1.275,1.2669476034873244
2025-07-21,Lunch,D,Meat,0.92,8.0,7.36,2025,7,21,Monday,30,202,3,False,False,False,False,False,July,Weekday,0.115,0.6523251860396903
2025-07-21,Dinner,D,Meat,2.88,8.0,23.04,2025,7,21,Monday,30,202,3,False,False,True,False,False,July,Weekday,0.36,1.355835153635182
2025-07-21,Breakfast,D,Rice,4.25,2.0,8.5,2025,7,21,Monday,30,202,3,False,False,False,True,False,July,Weekday,2.125,1.6582280766035324
2025-07-21,Lunch,D,Rice,3.63,2.0,7.26,2025,7,21,Monday,30,202,3,False,False,False,False,False,July,Weekday,1.815,1.5325568680981427
2025-07-21,Dinner,C,Vegetables,2.33,3.0,6.99,2025,7,21,Monday,30,202,3,False,False,False,False,False,July,Weekday,0.7766666666666667,1.2029723039923526
2025-07-21,Breakfast,A,Meat,2.61,8.0,20.88,2025,7,21,Monday,30,202,3,False,False,False,False,False,July,Weekday,0.32625,1.2837077723447896
2025-07-21,Breakfast,C,Soup,3.68,1.5,5.5200000000000005,2025,7,21,Monday,30,202,3,False,False,False,False,False,July,Weekday,2.4533333333333336,1.5432981099295553
2025-07-21,Breakfast,B,Vegetables,3.21,3.0,9.629999999999999,2025,7,21,Monday,30,202,3,False,False,False,False,False,July,Weekday,1.07,1.43746264769429
2025-07-21,Breakfast,A,Vegetables,1.1,3.0,3.3000000000000003,2025,7,21,Monday,30,202,3,False,False,False,False,False,July,Weekday,0.3666666666666667,0.7419373447293773
2025-07-21,Dinner,C,Rice,2.93,2.0,5.86,2025,7,21,Monday,30,202,3,False,False,False,False,False,July,Weekday,1.465,1.3686394258811698
2025-07-21,Dinner,B,Rice,4.05,2.0,8.1,2025,7,21,Monday,30,202,3,False,False,False,True,False,July,Weekday,2.025,1.6193882432872684
2025-07-21,Dinner,D,Vegetables,1.9,3.0,5.699999999999999,2025,7,21,Monday,30,202,3,False,False,False,False,False,July,Weekday,0.6333333333333333,1.0647107369924282
2025-07-21,Breakfast,D,Meat,0.38,8.0,3.04,2025,7,21,Monday,30,202,3,False,False,False,False,False,July,Weekday,0.0475,0.32208349916911333
2025-07-21,Breakfast,D,Vegetables,0.52,3.0,1.56,2025,7,21,Monday,30,202,3,False,False,False,False,False,July,Weekday,0.17333333333333334,0.41871033485818504
2025-07-21,Lunch,B,Vegetables,3.57,3.0,10.709999999999999,2025,7,21,Monday,30,202,3,False,False,False,False,False,July,Weekday,1.19,1.5195132049061133
2025-07-21,Lunch,B,Soup,3.54,1.5,5.3100000000000005,2025,7,21,Monday,30,202,3,False,False,False,False,False,July,Weekday,2.36,1.5129270120532565
2025-07-21,Breakfast,D,Soup,2.23,1.5,3.3449999999999998,2025,7,21,Monday,30,202,3,False,False,False,False,False,July,Weekday,1.4866666666666666,1.172482137234565
2025-07-21,Dinner,A,Vegetables,3.88,3.0,11.64,2025,7,21,Monday,30,202,3,False,False,False,False,False,July,Weekday,1.2933333333333332,1.5851452198650557
2025-07-21,Dinner,D,Soup,1.35,1.5,2.0250000000000004,2025,7,21,Monday,30,202,3,False,False,False,False,False,July,Weekday,0.9,0.8544153281560676
2025-07-21,Dinner,B,Meat,1.43,8.0,11.44,2025,7,21,Monday,30,202,3,False,False,False,False,False,July,Weekday,0.17875,0.8878912573524571
2025-07-21,Lunch,A,Soup,3.73,1.5,5.595,2025,7,21,Monday,30,202,3,False,False,False,False,False,July,Weekday,2.486666666666667,1.5539252025038417
2025-07-21,Lunch,C,Vegetables,2.66,3.0,7.98,2025,7,21,Monday,30,202,3,False,False,False,False,False,July,Weekday,0.8866666666666667,1.297463147413275
2025-07-21,Lunch,C,Soup,3.94,1.5,5.91,2025,7,21,Monday,30,202,3,False,False,False,False,False,July,Weekday,2.6266666666666665,1.597365331199831
2025-07-21,Breakfast,C,Rice,3.44,2.0,6.88,2025,7,21,Monday,30,202,3,False,False,False,False,False,July,Weekday,1.72,1.4906543764441333
2025-07-21,Dinner,A,Meat,4.44,8.0,35.52,2025,7,21,Monday,30,202,3,False,False,True,True,True,July,Weekday,0.555,1.6937790608678513
2025-07-21,Breakfast,A,Rice,1.62,2.0,3.24,2025,7,21,Monday,30,202,3,False,False,False,False,False,July,Weekday,0.81,0.9631743177730056
2025-07-21,Lunch,A,Meat,3.08,8.0,24.64,2025,7,21,Monday,30,202,3,False,False,True,False,False,July,Weekday,0.385,1.4060969884160703
2025-07-21,Dinner,C,Soup,1.86,1.5,2.79,2025,7,21,Monday,30,202,3,False,False,False,False,False,July,Weekday,1.24,1.0508216248317612
2025-07-21,Breakfast,B,Rice,2.73,2.0,5.46,2025,7,21,Monday,30,202,3,False,False,False,False,False,July,Weekday,1.365,1.3164082336557241
2025-07-21,Lunch,D,Soup,3.93,1.5,5.8950000000000005,2025,7,21,Monday,30,202,3,False,False,False,False,False,July,Weekday,2.62,1.5953389880545987
2025-07-21,Lunch,C,Rice,0.9,2.0,1.8,2025,7,21,Monday,30,202,3,False,False,False,False,False,July,Weekday,0.45,0.6418538861723948
2025-07-21,Lunch,A,Rice,2.32,2.0,4.64,2025,7,21,Monday,30,202,3,False,False,False,False,False,July,Weekday,1.16,1.199964782928397
2025-07-21,Dinner,B,Vegetables,0.41,3.0,1.23,2025,7,21,Monday,30,202,3,False,False,False,False,False,July,Weekday,0.13666666666666666,0.3435897043900769
2025-07-21,Lunch,B,Rice,3.73,2.0,7.46,2025,7,21,Monday,30,202,3,False,False,False,False,False,July,Weekday,1.865,1.5539252025038417
2025-07-21,Lunch,B,Meat,0.69,8.0,5.52,2025,7,21,Monday,30,202,3,False,False,False,False,False,July,Weekday,0.08625,0.5247285289349821
2025-07-21,Lunch,C,Meat,4.77,8.0,38.16,2025,7,21,Monday,30,202,3,False,False,True,True,True,July,Weekday,0.59625,1.752672080520008
2025-07-21,Lunch,A,Vegetables,1.62,3.0,4.86,2025,7,21,Monday,30,202,3,False,False,False,False,False,July,Weekday,0.54,0.9631743177730056
2025-07-21,Lunch,D,Vegetables,0.72,3.0,2.16,2025,7,21,Monday,30,202,3,False,False,False,False,False,July,Weekday,0.24,0.5423242908253616
2025-07-21,Dinner,C,Meat,0.48,8.0,3.84,2025,7,21,Monday,30,202,3,False,False,False,False,False,July,Weekday,0.06,0.3920420877760237
2025-07-22,Lunch,C,Soup,4.91,1.5,7.365,2025,7,22,Tuesday,30,203,3,False,False,False,True,False,July,Weekday,3.2733333333333334,1.776645831418007
2025-07-22,Breakfast,A,Soup,1.22,1.5,1.83,2025,7,22,Tuesday,30,203,3,False,False,False,False,False,July,Weekday,0.8133333333333334,0.7975071958841881
2025-07-22,Dinner,B,Meat,2.86,8.0,22.88,2025,7,22,Tuesday,30,203,3,False,False,True,False,False,July,Weekday,0.3575,1.3506671834767394
2025-07-22,Breakfast,B,Meat,0.32,8.0,2.56,2025,7,22,Tuesday,30,203,3,False,False,False,False,False,July,Weekday,0.04,0.2776317365982795
2025-07-22,Lunch,B,Rice,1.43,2.0,2.86,2025,7,22,Tuesday,30,203,3,False,False,False,False,False,July,Weekday,0.715,0.8878912573524571
2025-07-22,Breakfast,B,Rice,2.59,2.0,5.18,2025,7,22,Tuesday,30,203,3,False,False,False,False,False,July,Weekday,1.295,1.2781522025001875
2025-07-22,Lunch,C,Rice,4.52,2.0,9.04,2025,7,22,Tuesday,30,203,3,False,False,False,True,False,July,Weekday,2.26,1.7083778602890038
2025-07-22,Lunch,B,Vegetables,1.93,3.0,5.79,2025,7,22,Tuesday,30,203,3,False,False,False,False,False,July,Weekday,0.6433333333333333,1.0750024230289759
2025-07-22,Dinner,C,Meat,3.0,8.0,24.0,2025,7,22,Tuesday,30,203,3,False,False,True,False,False,July,Weekday,0.375,1.3862943611198906
2025-07-22,Lunch,C,Vegetables,4.04,3.0,12.120000000000001,2025,7,22,Tuesday,30,203,3,False,False,False,True,False,July,Weekday,1.3466666666666667,1.6174060820832772
2025-07-22,Dinner,B,Soup,3.15,1.5,4.725,2025,7,22,Tuesday,30,203,3,False,False,False,False,False,July,Weekday,2.1,1.423108334242607
2025-07-22,Dinner,D,Vegetables,3.83,3.0,11.49,2025,7,22,Tuesday,30,203,3,False,False,False,False,False,July,Weekday,1.2766666666666666,1.5748464676644813
2025-07-22,Dinner,A,Soup,0.14,1.5,0.21000000000000002,2025,7,22,Tuesday,30,203,3,False,False,False,False,False,July,Weekday,0.09333333333333334,0.1310282624064041
2025-07-22,Breakfast,D,Soup,3.73,1.5,5.595,2025,7,22,Tuesday,30,203,3,False,False,False,False,False,July,Weekday,2.486666666666667,1.5539252025038417
2025-07-22,Dinner,D,Meat,4.51,8.0,36.08,2025,7,22,Tuesday,30,203,3,False,False,True,True,True,July,Weekday,0.56375,1.706564623164823
2025-07-22,Breakfast,B,Soup,1.3,1.5,1.9500000000000002,2025,7,22,Tuesday,30,203,3,False,False,False,False,False,July,Weekday,0.8666666666666667,0.832909122935104
2025-07-22,Lunch,B,Meat,0.48,8.0,3.84,2025,7,22,Tuesday,30,203,3,False,False,False,False,False,July,Weekday,0.06,0.3920420877760237
2025-07-22,Dinner,C,Vegetables,2.52,3.0,7.5600000000000005,2025,7,22,Tuesday,30,203,3,False,False,False,False,False,July,Weekday,0.84,1.2584609896100059
2025-07-22,Lunch,D,Rice,4.77,2.0,9.54,2025,7,22,Tuesday,30,203,3,False,False,False,True,False,July,Weekday,2.385,1.752672080520008
2025-07-22,Dinner,D,Soup,1.3,1.5,1.9500000000000002,2025,7,22,Tuesday,30,203,3,False,False,False,False,False,July,Weekday,0.8666666666666667,0.832909122935104
2025-07-22,Breakfast,C,Soup,4.66,1.5,6.99,2025,7,22,Tuesday,30,203,3,False,False,False,True,False,July,Weekday,3.106666666666667,1.7334238922150915
2025-07-22,Breakfast,B,Vegetables,4.33,3.0,12.99,2025,7,22,Tuesday,30,203,3,False,False,False,True,False,July,Weekday,1.4433333333333334,1.6733512381777533
2025-07-22,Breakfast,A,Rice,0.6,2.0,1.2,2025,7,22,Tuesday,30,203,3,False,False,False,False,False,July,Weekday,0.3,0.4700036292457356
2025-07-22,Dinner,C,Rice,2.37,2.0,4.74,2025,7,22,Tuesday,30,203,3,False,False,False,False,False,July,Weekday,1.185,1.2149127443642704
2025-07-22,Lunch,A,Soup,3.63,1.5,5.445,2025,7,22,Tuesday,30,203,3,False,False,False,False,False,July,Weekday,2.42,1.5325568680981427
2025-07-22,Lunch,C,Meat,0.98,8.0,7.84,2025,7,22,Tuesday,30,203,3,False,False,False,False,False,July,Weekday,0.1225,0.6830968447064438
2025-07-22,Dinner,A,Rice,4.24,2.0,8.48,2025,7,22,Tuesday,30,203,3,False,False,False,True,False,July,Weekday,2.12,1.6563214983329508
2025-07-22,Breakfast,C,Vegetables,0.84,3.0,2.52,2025,7,22,Tuesday,30,203,3,False,False,False,False,False,July,Weekday,0.27999999999999997,0.6097655716208943
2025-07-22,Lunch,A,Rice,2.15,2.0,4.3,2025,7,22,Tuesday,30,203,3,False,False,False,False,False,July,Weekday,1.075,1.1474024528375417
2025-07-22,Dinner,D,Rice,1.06,2.0,2.12,2025,7,22,Tuesday,30,203,3,False,False,False,False,False,July,Weekday,0.53,0.7227059828014898
2025-07-22,Dinner,A,Meat,1.7,8.0,13.6,2025,7,22,Tuesday,30,203,3,False,False,False,False,False,July,Weekday,0.2125,0.9932517730102834
2025-07-22,Breakfast,D,Rice,4.3,2.0,8.6,2025,7,22,Tuesday,30,203,3,False,False,False,True,False,July,Weekday,2.15,1.667706820558076
2025-07-22,Breakfast,C,Meat,1.98,8.0,15.84,2025,7,22,Tuesday,30,203,3,False,False,False,False,False,July,Weekday,0.2475,1.091923300517313
2025-07-22,Dinner,C,Soup,3.89,1.5,5.835,2025,7,22,Tuesday,30,203,3,False,False,False,False,False,July,Weekday,2.5933333333333333,1.5871923034867808
2025-07-22,Dinner,A,Vegetables,2.81,3.0,8.43,2025,7,22,Tuesday,30,203,3,False,False,False,False,False,July,Weekday,0.9366666666666666,1.3376291891386096
2025-07-22,Dinner,B,Rice,1.08,2.0,2.16,2025,7,22,Tuesday,30,203,3,False,False,False,False,False,July,Weekday,0.54,0.7323678937132266
2025-07-22,Breakfast,C,Rice,2.41,2.0,4.82,2025,7,22,Tuesday,30,203,3,False,False,False,False,False,July,Weekday,1.205,1.2267122912954256
2025-07-22,Breakfast,A,Vegetables,3.64,3.0,10.92,2025,7,22,Tuesday,30,203,3,False,False,False,False,False,July,Weekday,1.2133333333333334,1.534714366238164
2025-07-22,Lunch,B,Soup,2.56,1.5,3.84,2025,7,22,Tuesday,30,203,3,False,False,False,False,False,July,Weekday,1.7066666666666668,1.269760544863939
2025-07-22,Dinner,B,Vegetables,1.59,3.0,4.7700000000000005,2025,7,22,Tuesday,30,203,3,False,False,False,False,False,July,Weekday,0.53,0.9516578757114464
2025-07-22,Breakfast,D,Vegetables,4.58,3.0,13.74,2025,7,22,Tuesday,30,203,3,False,False,False,True,False,July,Weekday,1.5266666666666666,1.7191887763932197
2025-07-22,Lunch,A,Meat,1.68,8.0,13.44,2025,7,22,Tuesday,30,203,3,False,False,False,False,False,July,Weekday,0.21,0.9858167945227653
2025-07-22,Lunch,D,Soup,1.48,1.5,2.2199999999999998,2025,7,22,Tuesday,30,203,3,False,False,False,False,False,July,Weekday,0.9866666666666667,0.9082585601768908
2025-07-22,Lunch,D,Meat,0.44,8.0,3.52,2025,7,22,Tuesday,30,203,3,False,False,False,False,False,July,Weekday,0.055,0.36464311358790924
2025-07-23,Dinner,B,Vegetables,3.7,3.0,11.100000000000001,2025,7,23,Wednesday,30,204,3,False,False,False,False,False,July,Weekday,1.2333333333333334,1.547562508716013
2025-07-23,Breakfast,D,Rice,2.7,2.0,5.4,2025,7,23,Wednesday,30,204,3,False,False,False,False,False,July,Weekday,1.35,1.308332819650179
2025-07-23,Lunch,B,Rice,4.5,2.0,9.0,2025,7,23,Wednesday,30,204,3,False,False,False,True,False,July,Weekday,2.25,1.7047480922384253
2025-07-23,Dinner,A,Soup,1.64,1.5,2.46,2025,7,23,Wednesday,30,204,3,False,False,False,False,False,July,Weekday,1.0933333333333333,0.9707789171582247
2025-07-23,Lunch,C,Vegetables,0.57,3.0,1.71,2025,7,23,Wednesday,30,204,3,False,False,False,False,False,July,Weekday,0.18999999999999997,0.4510756193602167
2025-07-23,Lunch,A,Vegetables,0.56,3.0,1.6800000000000002,2025,7,23,Wednesday,30,204,3,False,False,False,False,False,July,Weekday,0.18666666666666668,0.44468582126144574
2025-07-23,Breakfast,A,Rice,0.13,2.0,0.26,2025,7,23,Wednesday,30,204,3,False,False,False,False,False,July,Weekday,0.065,0.12221763272424921
2025-07-23,Breakfast,C,Vegetables,3.66,3.0,10.98,2025,7,23,Wednesday,30,204,3,False,False,False,False,False,July,Weekday,1.22,1.5390154481375546
2025-07-23,Lunch,C,Soup,0.75,1.5,1.125,2025,7,23,Wednesday,30,204,3,False,False,False,False,False,July,Weekday,0.5,0.5596157879354227
2025-07-23,Lunch,C,Rice,4.88,2.0,9.76,2025,7,23,Wednesday,30,204,3,False,False,False,True,False,July,Weekday,2.44,1.7715567619105355
2025-07-23,Breakfast,D,Vegetables,2.51,3.0,7.529999999999999,2025,7,23,Wednesday,30,204,3,False,False,False,False,False,July,Weekday,0.8366666666666666,1.2556160374777745
2025-07-23,Dinner,A,Rice,4.82,2.0,9.64,2025,7,23,Wednesday,30,204,3,False,False,False,True,False,July,Weekday,2.41,1.7613002617433464
2025-07-23,Dinner,C,Vegetables,1.09,3.0,3.2700000000000005,2025,7,23,Wednesday,30,204,3,False,False,False,False,False,July,Weekday,0.36333333333333334,0.7371640659767197
2025-07-23,Lunch,B,Soup,1.93,1.5,2.895,2025,7,23,Wednesday,30,204,3,False,False,False,False,False,July,Weekday,1.2866666666666666,1.0750024230289759
2025-07-23,Breakfast,B,Meat,4.4,8.0,35.2,2025,7,23,Wednesday,30,204,3,False,False,True,True,True,July,Weekday,0.55,1.6863989535702286
2025-07-23,Breakfast,B,Rice,4.21,2.0,8.42,2025,7,23,Wednesday,30,204,3,False,False,False,True,False,July,Weekday,2.105,1.6505798557652755
2025-07-23,Lunch,D,Meat,0.47,8.0,3.76,2025,7,23,Wednesday,30,204,3,False,False,False,False,False,July,Weekday,0.05875,0.3852624007906449
2025-07-23,Breakfast,A,Soup,1.8,1.5,2.7,2025,7,23,Wednesday,30,204,3,False,False,False,False,False,July,Weekday,1.2,1.0296194171811583
2025-07-23,Lunch,D,Vegetables,2.88,3.0,8.64,2025,7,23,Wednesday,30,204,3,False,False,False,False,False,July,Weekday,0.96,1.355835153635182
2025-07-23,Dinner,B,Meat,3.53,8.0,28.24,2025,7,23,Wednesday,30,204,3,False,False,True,False,False,July,Weekday,0.44125,1.5107219394949427
2025-07-23,Dinner,D,Soup,2.38,1.5,3.57,2025,7,23,Wednesday,30,204,3,False,False,False,False,False,July,Weekday,1.5866666666666667,1.2178757094949273
2025-07-23,Breakfast,B,Vegetables,4.76,3.0,14.28,2025,7,23,Wednesday,30,204,3,False,False,False,True,False,July,Weekday,1.5866666666666667,1.7509374747077997
2025-07-23,Breakfast,D,Soup,0.39,1.5,0.585,2025,7,23,Wednesday,30,204,3,False,False,False,False,False,July,Weekday,0.26,0.3293037471426004
2025-07-23,Breakfast,C,Rice,3.32,2.0,6.64,2025,7,23,Wednesday,30,204,3,False,False,False,False,False,July,Weekday,1.66,1.463255402256019
2025-07-23,Breakfast,A,Meat,2.11,8.0,16.88,2025,7,23,Wednesday,30,204,3,False,False,False,False,False,July,Weekday,0.26375,1.1346227261911428
2025-07-23,Lunch,A,Meat,3.59,8.0,28.72,2025,7,23,Wednesday,30,204,3,False,False,True,False,False,July,Weekday,0.44875,1.5238800240724537
2025-07-23,Dinner,C,Soup,3.92,1.5,5.88,2025,7,23,Wednesday,30,204,3,False,False,False,False,False,July,Weekday,2.6133333333333333,1.5933085305042167
2025-07-23,Breakfast,C,Meat,4.26,8.0,34.08,2025,7,23,Wednesday,30,204,3,False,False,True,True,True,July,Weekday,0.5325,1.6601310267496183
2025-07-23,Lunch,A,Soup,4.61,1.5,6.915000000000001,2025,7,23,Wednesday,30,204,3,False,False,False,True,False,July,Weekday,3.0733333333333337,1.724550719534605
2025-07-23,Dinner,B,Rice,4.02,2.0,8.04,2025,7,23,Wednesday,30,204,3,False,False,False,True,False,July,Weekday,2.01,1.6134299337036377
2025-07-23,Dinner,D,Rice,2.97,2.0,5.94,2025,7,23,Wednesday,30,204,3,False,False,False,False,False,July,Weekday,1.485,1.3787660946990992
2025-07-23,Lunch,A,Rice,4.99,2.0,9.98,2025,7,23,Wednesday,30,204,3,False,False,False,True,False,July,Weekday,2.495,1.790091412127358
2025-07-23,Dinner,A,Vegetables,1.38,3.0,4.14,2025,7,23,Wednesday,30,204,3,False,False,False,False,False,July,Weekday,0.45999999999999996,0.8671004876833832
2025-07-23,Dinner,C,Meat,0.47,8.0,3.76,2025,7,23,Wednesday,30,204,3,False,False,False,False,False,July,Weekday,0.05875,0.3852624007906449
2025-07-23,Breakfast,B,Soup,0.11,1.5,0.165,2025,7,23,Wednesday,30,204,3,False,False,False,False,False,July,Weekday,0.07333333333333333,0.10436001532424277
2025-07-23,Lunch,D,Rice,4.12,2.0,8.24,2025,7,23,Wednesday,30,204,3,False,False,False,True,False,July,Weekday,2.06,1.6331544390514163
2025-07-23,Breakfast,A,Vegetables,1.24,3.0,3.7199999999999998,2025,7,23,Wednesday,30,204,3,False,False,False,False,False,July,Weekday,0.41333333333333333,0.8064758658669485
2025-07-23,Breakfast,D,Meat,1.27,8.0,10.16,2025,7,23,Wednesday,30,204,3,False,False,False,False,False,July,Weekday,0.15875,0.8197798314933114
2025-07-23,Dinner,B,Soup,1.66,1.5,2.4899999999999998,2025,7,23,Wednesday,30,204,3,False,False,False,False,False,July,Weekday,1.1066666666666667,0.9783261227936076
2025-07-23,Lunch,B,Meat,2.65,8.0,21.2,2025,7,23,Wednesday,30,204,3,False,False,False,False,False,July,Weekday,0.33125,1.2947271675944
2025-07-24,Breakfast,A,Soup,1.12,1.5,1.6800000000000002,2025,7,24,Thursday,30,205,3,False,False,False,False,False,July,Weekday,0.7466666666666667,0.7514160886839212
2025-07-24,Lunch,B,Vegetables,2.08,3.0,6.24,2025,7,24,Thursday,30,205,3,False,False,False,False,False,July,Weekday,0.6933333333333334,1.1249295969854831
2025-07-24,Breakfast,A,Rice,2.09,2.0,4.18,2025,7,24,Thursday,30,205,3,False,False,False,False,False,July,Weekday,1.045,1.128171090909654
2025-07-24,Breakfast,C,Soup,0.3,1.5,0.44999999999999996,2025,7,24,Thursday,30,205,3,False,False,False,False,False,July,Weekday,0.19999999999999998,0.26236426446749106
2025-07-24,Lunch,D,Meat,0.16,8.0,1.28,2025,7,24,Thursday,30,205,3,False,False,False,False,False,July,Weekday,0.02,0.14842000511827327
2025-07-24,Lunch,A,Rice,1.84,2.0,3.68,2025,7,24,Thursday,30,205,3,False,False,False,False,False,July,Weekday,0.92,1.0438040521731147
2025-07-24,Breakfast,B,Soup,0.87,1.5,1.305,2025,7,24,Thursday,30,205,3,False,False,False,False,False,July,Weekday,0.58,0.6259384308664953
2025-07-24,Lunch,C,Soup,4.04,1.5,6.0600000000000005,2025,7,24,Thursday,30,205,3,False,False,False,True,False,July,Weekday,2.6933333333333334,1.6174060820832772
2025-07-24,Dinner,C,Rice,0.21,2.0,0.42,2025,7,24,Thursday,30,205,3,False,False,False,False,False,July,Weekday,0.105,0.1906203596086497
2025-07-24,Dinner,D,Vegetables,4.16,3.0,12.48,2025,7,24,Thursday,30,205,3,False,False,False,True,False,July,Weekday,1.3866666666666667,1.6409365794934714
2025-07-24,Lunch,D,Rice,0.78,2.0,1.56,2025,7,24,Thursday,30,205,3,False,False,False,False,False,July,Weekday,0.39,0.5766133643039938
2025-07-24,Dinner,B,Vegetables,1.37,3.0,4.11,2025,7,24,Thursday,30,205,3,False,False,False,False,False,July,Weekday,0.4566666666666667,0.8628899551470399
2025-07-24,Breakfast,C,Meat,4.15,8.0,33.2,2025,7,24,Thursday,30,205,3,False,False,True,True,True,July,Weekday,0.51875,1.6389967146756448
2025-07-24,Dinner,C,Meat,0.42,8.0,3.36,2025,7,24,Thursday,30,205,3,False,False,False,False,False,July,Weekday,0.0525,0.35065687161316933
2025-07-24,Dinner,A,Vegetables,1.92,3.0,5.76,2025,7,24,Thursday,30,205,3,False,False,False,False,False,July,Weekday,0.64,1.0715836162801904
2025-07-24,Lunch,B,Soup,2.32,1.5,3.4799999999999995,2025,7,24,Thursday,30,205,3,False,False,False,False,False,July,Weekday,1.5466666666666666,1.199964782928397
2025-07-24,Breakfast,B,Meat,1.4,8.0,11.2,2025,7,24,Thursday,30,205,3,False,False,False,False,False,July,Weekday,0.175,0.8754687373538999
2025-07-24,Lunch,C,Vegetables,2.36,3.0,7.08,2025,7,24,Thursday,30,205,3,False,False,False,False,False,July,Weekday,0.7866666666666666,1.2119409739751128
2025-07-24,Dinner,A,Rice,0.74,2.0,1.48,2025,7,24,Thursday,30,205,3,False,False,False,False,False,July,Weekday,0.37,0.5538851132264376
2025-07-24,Lunch,B,Rice,4.95,2.0,9.9,2025,7,24,Thursday,30,205,3,False,False,False,True,False,July,Weekday,2.475,1.7833912195575383
2025-07-24,Dinner,B,Soup,4.08,1.5,6.12,2025,7,24,Thursday,30,205,3,False,False,False,True,False,July,Weekday,2.72,1.6253112615903906
2025-07-24,Breakfast,C,Rice,3.46,2.0,6.92,2025,7,24,Thursday,30,205,3,False,False,False,False,False,July,Weekday,1.73,1.4951487660319727
2025-07-24,Dinner,C,Soup,2.27,1.5,3.4050000000000002,2025,7,24,Thursday,30,205,3,False,False,False,False,False,July,Weekday,1.5133333333333334,1.184789984909162
2025-07-24,Lunch,D,Vegetables,4.17,3.0,12.51,2025,7,24,Thursday,30,205,3,False,False,False,True,False,July,Weekday,1.39,1.6428726885203377
2025-07-24,Lunch,D,Soup,4.91,1.5,7.365,2025,7,24,Thursday,30,205,3,False,False,False,True,False,July,Weekday,3.2733333333333334,1.776645831418007
2025-07-24,Dinner,D,Meat,4.53,8.0,36.24,2025,7,24,Thursday,30,205,3,False,False,True,True,True,July,Weekday,0.56625,1.7101878155342436
2025-07-24,Breakfast,A,Vegetables,4.83,3.0,14.49,2025,7,24,Thursday,30,205,3,False,False,False,True,False,July,Weekday,1.61,1.763017000362401
2025-07-24,Dinner,A,Meat,4.14,8.0,33.12,2025,7,24,Thursday,30,205,3,False,False,True,True,True,July,Weekday,0.5175,1.6370530794670737
2025-07-24,Breakfast,D,Rice,4.2,2.0,8.4,2025,7,24,Thursday,30,205,3,False,False,False,True,False,July,Weekday,2.1,1.6486586255873816
2025-07-24,Lunch,C,Meat,1.32,8.0,10.56,2025,7,24,Thursday,30,205,3,False,False,False,False,False,July,Weekday,0.165,0.8415671856782186
2025-07-24,Dinner,A,Soup,3.19,1.5,4.785,2025,7,24,Thursday,30,205,3,False,False,False,False,False,July,Weekday,2.1266666666666665,1.4327007339340463
2025-07-24,Breakfast,D,Meat,1.71,8.0,13.68,2025,7,24,Thursday,30,205,3,False,False,False,False,False,July,Weekday,0.21375,0.9969486348916095
2025-07-24,Breakfast,A,Meat,2.73,8.0,21.84,2025,7,24,Thursday,30,205,3,False,False,False,False,False,July,Weekday,0.34125,1.3164082336557241
2025-07-24,Breakfast,B,Vegetables,0.69,3.0,2.07,2025,7,24,Thursday,30,205,3,False,False,False,False,False,July,Weekday,0.22999999999999998,0.5247285289349821
2025-07-24,Lunch,A,Meat,2.62,8.0,20.96,2025,7,24,Thursday,30,205,3,False,False,False,False,False,July,Weekday,0.3275,1.2864740258376797
2025-07-24,Lunch,A,Soup,1.37,1.5,2.055,2025,7,24,Thursday,30,205,3,False,False,False,False,False,July,Weekday,0.9133333333333334,0.8628899551470399
2025-07-24,Dinner,B,Rice,3.26,2.0,6.52,2025,7,24,Thursday,30,205,3,False,False,False,False,False,July,Weekday,1.63,1.449269160281279
2025-07-24,Dinner,D,Soup,1.72,1.5,2.58,2025,7,24,Thursday,30,205,3,False,False,False,False,False,July,Weekday,1.1466666666666667,1.000631880307906
2025-07-24,Dinner,C,Vegetables,4.52,3.0,13.559999999999999,2025,7,24,Thursday,30,205,3,False,False,False,True,False,July,Weekday,1.5066666666666666,1.7083778602890038
2025-07-24,Dinner,D,Rice,0.73,2.0,1.46,2025,7,24,Thursday,30,205,3,False,False,False,False,False,July,Weekday,0.365,0.5481214085096876
2025-07-24,Breakfast,D,Vegetables,0.55,3.0,1.6500000000000001,2025,7,24,Thursday,30,205,3,False,False,False,False,False,July,Weekday,0.18333333333333335,0.4382549309311553
2025-07-24,Breakfast,D,Soup,1.32,1.5,1.98,2025,7,24,Thursday,30,205,3,False,False,False,False,False,July,Weekday,0.88,0.8415671856782186
2025-07-24,Lunch,A,Vegetables,3.42,3.0,10.26,2025,7,24,Thursday,30,205,3,False,False,False,False,False,July,Weekday,1.14,1.4861396960896067
2025-07-25,Breakfast,B,Vegetables,0.24,3.0,0.72,2025,7,25,Friday,30,206,3,False,False,False,False,False,July,Weekday,0.08,0.2151113796169455
2025-07-25,Breakfast,D,Rice,4.43,2.0,8.86,2025,7,25,Friday,30,206,3,False,False,False,True,False,July,Weekday,2.215,1.691939133945844
2025-07-25,Lunch,D,Vegetables,1.86,3.0,5.58,2025,7,25,Friday,30,206,3,False,False,False,False,False,July,Weekday,0.62,1.0508216248317612
2025-07-25,Lunch,A,Vegetables,2.8,3.0,8.399999999999999,2025,7,25,Friday,30,206,3,False,False,False,False,False,July,Weekday,0.9333333333333332,1.33500106673234
2025-07-25,Breakfast,B,Meat,2.04,8.0,16.32,2025,7,25,Friday,30,206,3,False,False,False,False,False,July,Weekday,0.255,1.1118575154181303
2025-07-25,Dinner,C,Soup,2.69,1.5,4.035,2025,7,25,Friday,30,206,3,False,False,False,False,False,July,Weekday,1.7933333333333332,1.3056264580524357
2025-07-25,Breakfast,A,Rice,0.31,2.0,0.62,2025,7,25,Friday,30,206,3,False,False,False,False,False,July,Weekday,0.155,0.27002713721306015
2025-07-25,Breakfast,C,Rice,0.95,2.0,1.9,2025,7,25,Friday,30,206,3,False,False,False,False,False,July,Weekday,0.475,0.6678293725756554
2025-07-25,Dinner,C,Rice,3.91,2.0,7.82,2025,7,25,Friday,30,206,3,False,False,False,False,False,July,Weekday,1.955,1.5912739418064292
2025-07-25,Breakfast,D,Soup,1.3,1.5,1.9500000000000002,2025,7,25,Friday,30,206,3,False,False,False,False,False,July,Weekday,0.8666666666666667,0.832909122935104
2025-07-25,Dinner,B,Rice,0.98,2.0,1.96,2025,7,25,Friday,30,206,3,False,False,False,False,False,July,Weekday,0.49,0.6830968447064438
2025-07-25,Lunch,A,Rice,1.55,2.0,3.1,2025,7,25,Friday,30,206,3,False,False,False,False,False,July,Weekday,0.775,0.9360933591703348
2025-07-25,Breakfast,C,Soup,1.47,1.5,2.205,2025,7,25,Friday,30,206,3,False,False,False,False,False,July,Weekday,0.98,0.9042181506398859
2025-07-25,Lunch,B,Meat,0.77,8.0,6.16,2025,7,25,Friday,30,206,3,False,False,False,False,False,July,Weekday,0.09625,0.5709795465857378
2025-07-25,Lunch,A,Soup,0.4,1.5,0.6000000000000001,2025,7,25,Friday,30,206,3,False,False,False,False,False,July,Weekday,0.26666666666666666,0.33647223662121295
2025-07-25,Lunch,C,Rice,2.68,2.0,5.36,2025,7,25,Friday,30,206,3,False,False,False,False,False,July,Weekday,1.34,1.3029127521808397
2025-07-25,Breakfast,C,Vegetables,1.02,3.0,3.06,2025,7,25,Friday,30,206,3,False,False,False,False,False,July,Weekday,0.34,0.7030975114131134
2025-07-25,Dinner,A,Rice,2.47,2.0,4.94,2025,7,25,Friday,30,206,3,False,False,False,False,False,July,Weekday,1.235,1.244154593958768
2025-07-25,Breakfast,A,Soup,2.91,1.5,4.365,2025,7,25,Friday,30,206,3,False,False,False,False,False,July,Weekday,1.9400000000000002,1.3635373739972745
2025-07-25,Dinner,A,Soup,2.0,1.5,3.0,2025,7,25,Friday,30,206,3,False,False,False,False,False,July,Weekday,1.3333333333333333,1.0986122886681096
2025-07-25,Breakfast,A,Meat,2.36,8.0,18.88,2025,7,25,Friday,30,206,3,False,False,False,False,False,July,Weekday,0.295,1.2119409739751128
2025-07-25,Lunch,A,Meat,2.12,8.0,16.96,2025,7,25,Friday,30,206,3,False,False,False,False,False,July,Weekday,0.265,1.1378330018213911
2025-07-25,Breakfast,C,Meat,1.15,8.0,9.2,2025,7,25,Friday,30,206,3,False,False,False,False,False,July,Weekday,0.14375,0.7654678421395714
2025-07-25,Dinner,B,Vegetables,1.17,3.0,3.51,2025,7,25,Friday,30,206,3,False,False,False,False,False,July,Weekday,0.38999999999999996,0.7747271675523681
2025-07-25,Dinner,C,Vegetables,4.96,3.0,14.879999999999999,2025,7,25,Friday,30,206,3,False,False,False,True,False,July,Weekday,1.6533333333333333,1.7850704810772584
2025-07-25,Lunch,D,Soup,2.77,1.5,4.155,2025,7,25,Friday,30,206,3,False,False,False,False,False,July,Weekday,1.8466666666666667,1.3270750014599193
2025-07-25,Breakfast,D,Vegetables,3.13,3.0,9.39,2025,7,25,Friday,30,206,3,False,False,False,False,False,July,Weekday,1.0433333333333332,1.4182774069729414
2025-07-25,Breakfast,B,Soup,3.45,1.5,5.175000000000001,2025,7,25,Friday,30,206,3,False,False,False,False,False,July,Weekday,2.3000000000000003,1.4929040961781488
2025-07-25,Dinner,A,Meat,4.57,8.0,36.56,2025,7,25,Friday,30,206,3,False,False,True,True,True,July,Weekday,0.57125,1.7173950539391927
2025-07-25,Breakfast,D,Meat,0.27,8.0,2.16,2025,7,25,Friday,30,206,3,False,False,False,False,False,July,Weekday,0.03375,0.23901690047049992
2025-07-25,Dinner,C,Meat,0.39,8.0,3.12,2025,7,25,Friday,30,206,3,False,False,False,False,False,July,Weekday,0.04875,0.3293037471426004
2025-07-25,Dinner,D,Rice,3.86,2.0,7.72,2025,7,25,Friday,30,206,3,False,False,False,False,False,July,Weekday,1.93,1.5810384379124023
2025-07-25,Lunch,C,Meat,3.19,8.0,25.52,2025,7,25,Friday,30,206,3,False,False,True,False,False,July,Weekday,0.39875,1.4327007339340463
2025-07-25,Breakfast,A,Vegetables,0.92,3.0,2.7600000000000002,2025,7,25,Friday,30,206,3,False,False,False,False,False,July,Weekday,0.3066666666666667,0.6523251860396903
2025-07-25,Lunch,B,Rice,1.47,2.0,2.94,2025,7,25,Friday,30,206,3,False,False,False,False,False,July,Weekday,0.735,0.9042181506398859
2025-07-25,Lunch,D,Rice,4.95,2.0,9.9,2025,7,25,Friday,30,206,3,False,False,False,True,False,July,Weekday,2.475,1.7833912195575383
2025-07-25,Breakfast,B,Rice,4.13,2.0,8.26,2025,7,25,Friday,30,206,3,False,False,False,True,False,July,Weekday,2.065,1.635105659182678
2025-07-25,Lunch,B,Vegetables,1.08,3.0,3.24,2025,7,25,Friday,30,206,3,False,False,False,False,False,July,Weekday,0.36000000000000004,0.7323678937132266
2025-07-25,Dinner,D,Vegetables,4.87,3.0,14.61,2025,7,25,Friday,30,206,3,False,False,False,True,False,July,Weekday,1.6233333333333333,1.769854633840005
2025-07-25,Lunch,C,Vegetables,4.03,3.0,12.09,2025,7,25,Friday,30,206,3,False,False,False,True,False,July,Weekday,1.3433333333333335,1.6154199841116479
2025-07-25,Dinner,D,Meat,5.0,8.0,40.0,2025,7,25,Friday,30,206,3,False,False,True,True,True,July,Weekday,0.625,1.791759469228055
2025-07-25,Dinner,B,Meat,1.66,8.0,13.28,2025,7,25,Friday,30,206,3,False,False,False,False,False,July,Weekday,0.2075,0.9783261227936076
2025-07-25,Dinner,B,Soup,4.49,1.5,6.735,2025,7,25,Friday,30,206,3,False,False,False,True,False,July,Weekday,2.9933333333333336,1.7029282555214393
2025-07-25,Lunch,D,Meat,3.93,8.0,31.44,2025,7,25,Friday,30,206,3,False,False,True,False,True,July,Weekday,0.49125,1.5953389880545987
2025-07-25,Dinner,D,Soup,0.59,1.5,0.885,2025,7,25,Friday,30,206,3,False,False,False,False,False,July,Weekday,0.3933333333333333,0.46373401623214017
2025-07-26,Lunch,D,Meat,1.24,8.0,9.92,2025,7,26,Saturday,30,207,3,True,False,False,False,False,July,Weekend,0.155,0.8064758658669485
2025-07-26,Breakfast,B,Meat,4.98,8.0,39.84,2025,7,26,Saturday,30,207,3,True,False,True,True,True,July,Weekend,0.6225,1.7884205679625405
2025-07-26,Lunch,D,Vegetables,1.17,3.0,3.51,2025,7,26,Saturday,30,207,3,True,False,False,False,False,July,Weekend,0.38999999999999996,0.7747271675523681
2025-07-26,Breakfast,A,Soup,4.59,1.5,6.885,2025,7,26,Saturday,30,207,3,True,False,False,True,False,July,Weekend,3.06,1.7209792871670078
2025-07-26,Dinner,A,Meat,4.6,8.0,36.8,2025,7,26,Saturday,30,207,3,True,False,True,True,True,July,Weekend,0.575,1.7227665977411035
2025-07-26,Lunch,B,Meat,2.86,8.0,22.88,2025,7,26,Saturday,30,207,3,True,False,True,False,False,July,Weekend,0.3575,1.3506671834767394
2025-07-26,Dinner,B,Rice,3.61,2.0,7.22,2025,7,26,Saturday,30,207,3,True,False,False,False,False,July,Weekend,1.805,1.5282278570085572
2025-07-26,Dinner,A,Vegetables,1.09,3.0,3.2700000000000005,2025,7,26,Saturday,30,207,3,True,False,False,False,False,July,Weekend,0.36333333333333334,0.7371640659767197
2025-07-26,Lunch,C,Vegetables,1.61,3.0,4.83,2025,7,26,Saturday,30,207,3,True,False,False,False,False,July,Weekend,0.5366666666666667,0.9593502213346021
2025-07-26,Breakfast,A,Vegetables,4.1,3.0,12.299999999999999,2025,7,26,Saturday,30,207,3,True,False,False,True,False,July,Weekend,1.3666666666666665,1.62924053973028
2025-07-26,Lunch,A,Rice,4.58,2.0,9.16,2025,7,26,Saturday,30,207,3,True,False,False,True,False,July,Weekend,2.29,1.7191887763932197
2025-07-26,Breakfast,D,Meat,3.0,8.0,24.0,2025,7,26,Saturday,30,207,3,True,False,True,False,False,July,Weekend,0.375,1.3862943611198906
2025-07-26,Dinner,B,Meat,4.6,8.0,36.8,2025,7,26,Saturday,30,207,3,True,False,True,True,True,July,Weekend,0.575,1.7227665977411035
2025-07-26,Dinner,C,Meat,2.97,8.0,23.76,2025,7,26,Saturday,30,207,3,True,False,True,False,False,July,Weekend,0.37125,1.3787660946990992
2025-07-26,Breakfast,D,Soup,3.52,1.5,5.28,2025,7,26,Saturday,30,207,3,True,False,False,False,False,July,Weekend,2.3466666666666667,1.5085119938441398
2025-07-26,Breakfast,B,Rice,0.37,2.0,0.74,2025,7,26,Saturday,30,207,3,True,False,False,False,False,July,Weekend,0.185,0.31481073984003355
2025-07-26,Lunch,C,Soup,2.5,1.5,3.75,2025,7,26,Saturday,30,207,3,True,False,False,False,False,July,Weekend,1.6666666666666667,1.252762968495368
2025-07-26,Dinner,C,Vegetables,4.59,3.0,13.77,2025,7,26,Saturday,30,207,3,True,False,False,True,False,July,Weekend,1.53,1.7209792871670078
2025-07-26,Breakfast,C,Soup,4.24,1.5,6.36,2025,7,26,Saturday,30,207,3,True,False,False,True,False,July,Weekend,2.8266666666666667,1.6563214983329508
2025-07-26,Dinner,C,Soup,3.89,1.5,5.835,2025,7,26,Saturday,30,207,3,True,False,False,False,False,July,Weekend,2.5933333333333333,1.5871923034867808
2025-07-26,Breakfast,A,Meat,1.41,8.0,11.28,2025,7,26,Saturday,30,207,3,True,False,False,False,False,July,Weekend,0.17625,0.8796267475025636
2025-07-26,Dinner,D,Soup,1.93,1.5,2.895,2025,7,26,Saturday,30,207,3,True,False,False,False,False,July,Weekend,1.2866666666666666,1.0750024230289759
2025-07-26,Lunch,C,Rice,4.42,2.0,8.84,2025,7,26,Saturday,30,207,3,True,False,False,True,False,July,Weekend,2.21,1.6900958154515549
2025-07-26,Breakfast,B,Soup,4.25,1.5,6.375,2025,7,26,Saturday,30,207,3,True,False,False,True,False,July,Weekend,2.8333333333333335,1.6582280766035324
2025-07-26,Breakfast,D,Rice,0.96,2.0,1.92,2025,7,26,Saturday,30,207,3,True,False,False,False,False,July,Weekend,0.48,0.6729444732424258
2025-07-26,Lunch,A,Vegetables,3.53,3.0,10.59,2025,7,26,Saturday,30,207,3,True,False,False,False,False,July,Weekend,1.1766666666666665,1.5107219394949427
2025-07-26,Lunch,B,Rice,2.86,2.0,5.72,2025,7,26,Saturday,30,207,3,True,False,False,False,False,July,Weekend,1.43,1.3506671834767394
2025-07-26,Breakfast,B,Vegetables,1.18,3.0,3.54,2025,7,26,Saturday,30,207,3,True,False,False,False,False,July,Weekend,0.3933333333333333,0.7793248768009976
2025-07-26,Dinner,D,Rice,4.25,2.0,8.5,2025,7,26,Saturday,30,207,3,True,False,False,True,False,July,Weekend,2.125,1.6582280766035324
2025-07-26,Lunch,A,Soup,4.74,1.5,7.11,2025,7,26,Saturday,30,207,3,True,False,False,True,False,July,Weekend,3.16,1.747459210331475
2025-07-26,Dinner,A,Rice,0.1,2.0,0.2,2025,7,26,Saturday,30,207,3,True,False,False,False,False,July,Weekend,0.05,0.09531017980432487
2025-07-26,Lunch,A,Meat,0.24,8.0,1.92,2025,7,26,Saturday,30,207,3,True,False,False,False,False,July,Weekend,0.03,0.2151113796169455
2025-07-26,Dinner,D,Vegetables,4.81,3.0,14.43,2025,7,26,Saturday,30,207,3,True,False,False,True,False,July,Weekend,1.6033333333333333,1.75958057086382
2025-07-26,Lunch,C,Meat,2.51,8.0,20.08,2025,7,26,Saturday,30,207,3,True,False,False,False,False,July,Weekend,0.31375,1.2556160374777745
2025-07-26,Lunch,D,Rice,0.54,2.0,1.08,2025,7,26,Saturday,30,207,3,True,False,False,False,False,July,Weekend,0.27,0.43178241642553783
2025-07-26,Lunch,B,Soup,4.94,1.5,7.41,2025,7,26,Saturday,30,207,3,True,False,False,True,False,July,Weekend,3.2933333333333334,1.7817091333745536
2025-07-26,Breakfast,D,Vegetables,4.05,3.0,12.149999999999999,2025,7,26,Saturday,30,207,3,True,False,False,True,False,July,Weekend,1.3499999999999999,1.6193882432872684
2025-07-26,Breakfast,C,Vegetables,4.21,3.0,12.629999999999999,2025,7,26,Saturday,30,207,3,True,False,False,True,False,July,Weekend,1.4033333333333333,1.6505798557652755
2025-07-26,Dinner,A,Soup,0.74,1.5,1.1099999999999999,2025,7,26,Saturday,30,207,3,True,False,False,False,False,July,Weekend,0.49333333333333335,0.5538851132264376
2025-07-26,Breakfast,C,Rice,4.01,2.0,8.02,2025,7,26,Saturday,30,207,3,True,False,False,True,False,July,Weekend,2.005,1.6114359150967734
2025-07-27,Breakfast,B,Soup,3.98,1.5,5.97,2025,7,27,Sunday,30,208,3,True,False,False,False,False,July,Weekend,2.6533333333333333,1.6054298910365616
2025-07-27,Breakfast,C,Vegetables,0.95,3.0,2.8499999999999996,2025,7,27,Sunday,30,208,3,True,False,False,False,False,July,Weekend,0.31666666666666665,0.6678293725756554
2025-07-27,Breakfast,C,Rice,4.81,2.0,9.62,2025,7,27,Sunday,30,208,3,True,False,False,True,False,July,Weekend,2.405,1.75958057086382
2025-07-27,Breakfast,A,Meat,2.04,8.0,16.32,2025,7,27,Sunday,30,208,3,True,False,False,False,False,July,Weekend,0.255,1.1118575154181303
2025-07-27,Lunch,A,Vegetables,1.6,3.0,4.800000000000001,2025,7,27,Sunday,30,208,3,True,False,False,False,False,July,Weekend,0.5333333333333333,0.9555114450274365
2025-07-27,Breakfast,C,Soup,4.85,1.5,7.2749999999999995,2025,7,27,Sunday,30,208,3,True,False,False,True,False,July,Weekend,3.233333333333333,1.766441661243765
2025-07-27,Breakfast,B,Rice,0.77,2.0,1.54,2025,7,27,Sunday,30,208,3,True,False,False,False,False,July,Weekend,0.385,0.5709795465857378
2025-07-27,Dinner,C,Rice,0.53,2.0,1.06,2025,7,27,Sunday,30,208,3,True,False,False,False,False,July,Weekend,0.265,0.4252677354043441
2025-07-27,Lunch,A,Rice,2.99,2.0,5.98,2025,7,27,Sunday,30,208,3,True,False,False,False,False,July,Weekend,1.495,1.3837912309017721
2025-07-27,Lunch,D,Vegetables,4.84,3.0,14.52,2025,7,27,Sunday,30,208,3,True,False,False,True,False,July,Weekend,1.6133333333333333,1.7647307968401358
2025-07-27,Dinner,B,Soup,4.44,1.5,6.66,2025,7,27,Sunday,30,208,3,True,False,False,True,False,July,Weekend,2.9600000000000004,1.6937790608678513
2025-07-27,Lunch,A,Soup,3.47,1.5,5.205,2025,7,27,Sunday,30,208,3,True,False,False,False,False,July,Weekend,2.3133333333333335,1.4973884086254774
2025-07-27,Dinner,D,Rice,2.29,2.0,4.58,2025,7,27,Sunday,30,208,3,True,False,False,False,False,July,Weekend,1.145,1.1908875647772805
2025-07-27,Dinner,A,Soup,3.75,1.5,5.625,2025,7,27,Sunday,30,208,3,True,False,False,False,False,July,Weekend,2.5,1.55814461804655
2025-07-27,Breakfast,A,Soup,1.58,1.5,2.37,2025,7,27,Sunday,30,208,3,True,False,False,False,False,July,Weekend,1.0533333333333335,0.9477893989335261
2025-07-27,Breakfast,A,Rice,4.72,2.0,9.44,2025,7,27,Sunday,30,208,3,True,False,False,True,False,July,Weekend,2.36,1.7439688053917064
2025-07-27,Breakfast,A,Vegetables,0.6,3.0,1.7999999999999998,2025,7,27,Sunday,30,208,3,True,False,False,False,False,July,Weekend,0.19999999999999998,0.4700036292457356
2025-07-27,Dinner,B,Rice,1.27,2.0,2.54,2025,7,27,Sunday,30,208,3,True,False,False,False,False,July,Weekend,0.635,0.8197798314933114
2025-07-27,Lunch,C,Meat,4.97,8.0,39.76,2025,7,27,Sunday,30,208,3,True,False,True,True,True,July,Weekend,0.62125,1.7867469274045107
2025-07-27,Dinner,B,Meat,4.91,8.0,39.28,2025,7,27,Sunday,30,208,3,True,False,True,True,True,July,Weekend,0.61375,1.776645831418007
2025-07-27,Dinner,B,Vegetables,0.92,3.0,2.7600000000000002,2025,7,27,Sunday,30,208,3,True,False,False,False,False,July,Weekend,0.3066666666666667,0.6523251860396903
2025-07-27,Dinner,A,Meat,4.69,8.0,37.52,2025,7,27,Sunday,30,208,3,True,False,True,True,True,July,Weekend,0.58625,1.7387102481382395
2025-07-27,Breakfast,B,Meat,0.87,8.0,6.96,2025,7,27,Sunday,30,208,3,True,False,False,False,False,July,Weekend,0.10875,0.6259384308664953
2025-07-27,Lunch,B,Meat,3.67,8.0,29.36,2025,7,27,Sunday,30,208,3,True,False,True,False,False,July,Weekend,0.45875,1.541159071680806
2025-07-27,Lunch,C,Vegetables,4.83,3.0,14.49,2025,7,27,Sunday,30,208,3,True,False,False,True,False,July,Weekend,1.61,1.763017000362401
2025-07-27,Dinner,C,Soup,4.44,1.5,6.66,2025,7,27,Sunday,30,208,3,True,False,False,True,False,July,Weekend,2.9600000000000004,1.6937790608678513
2025-07-27,Lunch,B,Rice,0.72,2.0,1.44,2025,7,27,Sunday,30,208,3,True,False,False,False,False,July,Weekend,0.36,0.5423242908253616
2025-07-27,Lunch,B,Soup,4.75,1.5,7.125,2025,7,27,Sunday,30,208,3,True,False,False,True,False,July,Weekend,3.1666666666666665,1.749199854809259
2025-07-27,Lunch,D,Soup,1.18,1.5,1.77,2025,7,27,Sunday,30,208,3,True,False,False,False,False,July,Weekend,0.7866666666666666,0.7793248768009976
2025-07-27,Breakfast,C,Meat,3.28,8.0,26.24,2025,7,27,Sunday,30,208,3,True,False,True,False,False,July,Weekend,0.41,1.4539530095937054
2025-07-27,Breakfast,D,Rice,3.5,2.0,7.0,2025,7,27,Sunday,30,208,3,True,False,False,False,False,July,Weekend,1.75,1.5040773967762742
2025-07-27,Lunch,D,Rice,3.05,2.0,6.1,2025,7,27,Sunday,30,208,3,True,False,False,False,False,July,Weekend,1.525,1.3987168811184478
2025-07-27,Breakfast,D,Meat,4.65,8.0,37.2,2025,7,27,Sunday,30,208,3,True,False,True,True,True,July,Weekend,0.58125,1.7316555451583495
2025-07-27,Lunch,C,Rice,2.02,2.0,4.04,2025,7,27,Sunday,30,208,3,True,False,False,False,False,July,Weekend,1.01,1.1052568313867783
2025-07-27,Dinner,A,Rice,2.87,2.0,5.74,2025,7,27,Sunday,30,208,3,True,False,False,False,False,July,Weekend,1.435,1.3532545070416904
2025-07-27,Dinner,D,Vegetables,1.32,3.0,3.96,2025,7,27,Sunday,30,208,3,True,False,False,False,False,July,Weekend,0.44,0.8415671856782186
2025-07-27,Lunch,B,Vegetables,4.75,3.0,14.25,2025,7,27,Sunday,30,208,3,True,False,False,True,False,July,Weekend,1.5833333333333333,1.749199854809259
2025-07-27,Dinner,C,Vegetables,3.23,3.0,9.69,2025,7,27,Sunday,30,208,3,True,False,False,False,False,July,Weekend,1.0766666666666667,1.4422019930581866
2025-07-27,Dinner,C,Meat,3.57,8.0,28.56,2025,7,27,Sunday,30,208,3,True,False,True,False,False,July,Weekend,0.44625,1.5195132049061133
2025-07-27,Dinner,A,Vegetables,0.79,3.0,2.37,2025,7,27,Sunday,30,208,3,True,False,False,False,False,July,Weekend,0.26333333333333336,0.5822156198526637
2025-07-27,Breakfast,D,Vegetables,3.96,3.0,11.879999999999999,2025,7,27,Sunday,30,208,3,True,False,False,False,False,July,Weekend,1.32,1.601405740736836
2025-07-27,Lunch,A,Meat,0.96,8.0,7.68,2025,7,27,Sunday,30,208,3,True,False,False,False,False,July,Weekend,0.12,0.6729444732424258
2025-07-27,Breakfast,D,Soup,1.19,1.5,1.785,2025,7,27,Sunday,30,208,3,True,False,False,False,False,July,Weekend,0.7933333333333333,0.7839015438284094
2025-07-28,Breakfast,D,Vegetables,3.47,3.0,10.41,2025,7,28,Monday,31,209,3,False,False,False,False,False,July,Weekday,1.1566666666666667,1.4973884086254774
2025-07-28,Breakfast,B,Rice,3.69,2.0,7.38,2025,7,28,Monday,31,209,3,False,False,False,False,False,July,Weekday,1.845,1.545432582458188
2025-07-28,Lunch,C,Meat,2.78,8.0,22.24,2025,7,28,Monday,31,209,3,False,False,True,False,False,July,Weekday,0.3475,1.3297240096314962
2025-07-28,Dinner,A,Rice,4.72,2.0,9.44,2025,7,28,Monday,31,209,3,False,False,False,True,False,July,Weekday,2.36,1.7439688053917064
2025-07-28,Dinner,B,Meat,1.11,8.0,8.88,2025,7,28,Monday,31,209,3,False,False,False,False,False,July,Weekday,0.13875,0.7466879474879752
2025-07-28,Dinner,C,Meat,3.68,8.0,29.44,2025,7,28,Monday,31,209,3,False,False,True,False,False,July,Weekday,0.46,1.5432981099295553
2025-07-28,Dinner,B,Soup,3.52,1.5,5.28,2025,7,28,Monday,31,209,3,False,False,False,False,False,July,Weekday,2.3466666666666667,1.5085119938441398
2025-07-28,Breakfast,B,Soup,2.52,1.5,3.7800000000000002,2025,7,28,Monday,31,209,3,False,False,False,False,False,July,Weekday,1.68,1.2584609896100059
2025-07-28,Breakfast,A,Meat,0.63,8.0,5.04,2025,7,28,Monday,31,209,3,False,False,False,False,False,July,Weekday,0.07875,0.48858001481867097
2025-07-28,Dinner,A,Meat,0.91,8.0,7.28,2025,7,28,Monday,31,209,3,False,False,False,False,False,July,Weekday,0.11375,0.6471032420585385
2025-07-28,Breakfast,D,Rice,4.33,2.0,8.66,2025,7,28,Monday,31,209,3,False,False,False,True,False,July,Weekday,2.165,1.6733512381777533
2025-07-28,Breakfast,B,Meat,4.85,8.0,38.8,2025,7,28,Monday,31,209,3,False,False,True,True,True,July,Weekday,0.60625,1.766441661243765
2025-07-28,Breakfast,C,Vegetables,0.6,3.0,1.7999999999999998,2025,7,28,Monday,31,209,3,False,False,False,False,False,July,Weekday,0.19999999999999998,0.4700036292457356
2025-07-28,Breakfast,B,Vegetables,4.43,3.0,13.29,2025,7,28,Monday,31,209,3,False,False,False,True,False,July,Weekday,1.4766666666666666,1.691939133945844
2025-07-28,Dinner,B,Rice,0.6,2.0,1.2,2025,7,28,Monday,31,209,3,False,False,False,False,False,July,Weekday,0.3,0.4700036292457356
2025-07-28,Dinner,A,Soup,0.87,1.5,1.305,2025,7,28,Monday,31,209,3,False,False,False,False,False,July,Weekday,0.58,0.6259384308664953
2025-07-28,Lunch,D,Meat,3.11,8.0,24.88,2025,7,28,Monday,31,209,3,False,False,True,False,False,July,Weekday,0.38875,1.4134230285081433
2025-07-28,Lunch,B,Soup,1.94,1.5,2.91,2025,7,28,Monday,31,209,3,False,False,False,False,False,July,Weekday,1.2933333333333332,1.0784095813505903
2025-07-28,Lunch,A,Vegetables,1.55,3.0,4.65,2025,7,28,Monday,31,209,3,False,False,False,False,False,July,Weekday,0.5166666666666667,0.9360933591703348
2025-07-28,Breakfast,C,Meat,2.78,8.0,22.24,2025,7,28,Monday,31,209,3,False,False,True,False,False,July,Weekday,0.3475,1.3297240096314962
2025-07-28,Breakfast,D,Soup,0.9,1.5,1.35,2025,7,28,Monday,31,209,3,False,False,False,False,False,July,Weekday,0.6,0.6418538861723948
2025-07-28,Lunch,C,Rice,3.69,2.0,7.38,2025,7,28,Monday,31,209,3,False,False,False,False,False,July,Weekday,1.845,1.545432582458188
2025-07-28,Lunch,A,Rice,0.46,2.0,0.92,2025,7,28,Monday,31,209,3,False,False,False,False,False,July,Weekday,0.23,0.3784364357202451
2025-07-28,Lunch,D,Rice,3.01,2.0,6.02,2025,7,28,Monday,31,209,3,False,False,False,False,False,July,Weekday,1.505,1.3887912413184778
2025-07-28,Dinner,C,Vegetables,1.4,3.0,4.199999999999999,2025,7,28,Monday,31,209,3,False,False,False,False,False,July,Weekday,0.4666666666666666,0.8754687373538999
2025-07-28,Dinner,C,Rice,3.64,2.0,7.28,2025,7,28,Monday,31,209,3,False,False,False,False,False,July,Weekday,1.82,1.534714366238164
2025-07-28,Dinner,C,Soup,1.48,1.5,2.2199999999999998,2025,7,28,Monday,31,209,3,False,False,False,False,False,July,Weekday,0.9866666666666667,0.9082585601768908
2025-07-28,Breakfast,A,Rice,1.36,2.0,2.72,2025,7,28,Monday,31,209,3,False,False,False,False,False,July,Weekday,0.68,0.8586616190375187
2025-07-28,Dinner,D,Soup,4.22,1.5,6.33,2025,7,28,Monday,31,209,3,False,False,False,True,False,July,Weekday,2.813333333333333,1.6524974018945473
2025-07-28,Lunch,D,Soup,0.25,1.5,0.375,2025,7,28,Monday,31,209,3,False,False,False,False,False,July,Weekday,0.16666666666666666,0.22314355131420976
2025-07-28,Breakfast,A,Vegetables,0.11,3.0,0.33,2025,7,28,Monday,31,209,3,False,False,False,False,False,July,Weekday,0.03666666666666667,0.10436001532424277
2025-07-28,Lunch,D,Vegetables,2.47,3.0,7.41,2025,7,28,Monday,31,209,3,False,False,False,False,False,July,Weekday,0.8233333333333334,1.244154593958768
2025-07-28,Dinner,A,Vegetables,4.46,3.0,13.379999999999999,2025,7,28,Monday,31,209,3,False,False,False,True,False,July,Weekday,1.4866666666666666,1.6974487897568138
2025-07-28,Lunch,A,Meat,4.24,8.0,33.92,2025,7,28,Monday,31,209,3,False,False,True,True,True,July,Weekday,0.53,1.6563214983329508
2025-07-28,Lunch,C,Vegetables,4.5,3.0,13.5,2025,7,28,Monday,31,209,3,False,False,False,True,False,July,Weekday,1.5,1.7047480922384253
2025-07-28,Breakfast,D,Meat,3.29,8.0,26.32,2025,7,28,Monday,31,209,3,False,False,True,False,False,July,Weekday,0.41125,1.4562867329399256
2025-07-28,Lunch,C,Soup,0.56,1.5,0.8400000000000001,2025,7,28,Monday,31,209,3,False,False,False,False,False,July,Weekday,0.37333333333333335,0.44468582126144574
2025-07-28,Breakfast,A,Soup,1.99,1.5,2.985,2025,7,28,Monday,31,209,3,False,False,False,False,False,July,Weekday,1.3266666666666667,1.095273387402595
2025-07-28,Lunch,A,Soup,1.66,1.5,2.4899999999999998,2025,7,28,Monday,31,209,3,False,False,False,False,False,July,Weekday,1.1066666666666667,0.9783261227936076
2025-07-28,Lunch,B,Rice,4.76,2.0,9.52,2025,7,28,Monday,31,209,3,False,False,False,True,False,July,Weekday,2.38,1.7509374747077997
2025-07-28,Dinner,D,Vegetables,2.9,3.0,8.7,2025,7,28,Monday,31,209,3,False,False,False,False,False,July,Weekday,0.9666666666666667,1.3609765531356006
2025-07-29,Breakfast,C,Vegetables,0.5,3.0,1.5,2025,7,29,Tuesday,31,210,3,False,False,False,False,False,July,Weekday,0.16666666666666666,0.4054651081081644
2025-07-29,Breakfast,B,Vegetables,1.08,3.0,3.24,2025,7,29,Tuesday,31,210,3,False,False,False,False,False,July,Weekday,0.36000000000000004,0.7323678937132266
2025-07-29,Lunch,A,Rice,0.55,2.0,1.1,2025,7,29,Tuesday,31,210,3,False,False,False,False,False,July,Weekday,0.275,0.4382549309311553
2025-07-29,Dinner,A,Soup,4.22,1.5,6.33,2025,7,29,Tuesday,31,210,3,False,False,False,True,False,July,Weekday,2.813333333333333,1.6524974018945473
2025-07-29,Breakfast,A,Meat,1.87,8.0,14.96,2025,7,29,Tuesday,31,210,3,False,False,False,False,False,July,Weekday,0.23375,1.0543120297715298
2025-07-29,Breakfast,D,Vegetables,2.5,3.0,7.5,2025,7,29,Tuesday,31,210,3,False,False,False,False,False,July,Weekday,0.8333333333333334,1.252762968495368
2025-07-29,Lunch,C,Rice,1.21,2.0,2.42,2025,7,29,Tuesday,31,210,3,False,False,False,False,False,July,Weekday,0.605,0.7929925155296614
2025-07-29,Lunch,A,Vegetables,1.01,3.0,3.0300000000000002,2025,7,29,Tuesday,31,210,3,False,False,False,False,False,July,Weekday,0.33666666666666667,0.6981347220709844
2025-07-29,Dinner,D,Soup,4.51,1.5,6.765,2025,7,29,Tuesday,31,210,3,False,False,False,True,False,July,Weekday,3.0066666666666664,1.706564623164823
2025-07-29,Dinner,A,Vegetables,2.81,3.0,8.43,2025,7,29,Tuesday,31,210,3,False,False,False,False,False,July,Weekday,0.9366666666666666,1.3376291891386096
2025-07-29,Dinner,A,Meat,2.99,8.0,23.92,2025,7,29,Tuesday,31,210,3,False,False,True,False,False,July,Weekday,0.37375,1.3837912309017721
2025-07-29,Lunch,C,Vegetables,0.4,3.0,1.2000000000000002,2025,7,29,Tuesday,31,210,3,False,False,False,False,False,July,Weekday,0.13333333333333333,0.33647223662121295
2025-07-29,Breakfast,D,Rice,1.61,2.0,3.22,2025,7,29,Tuesday,31,210,3,False,False,False,False,False,July,Weekday,0.805,0.9593502213346021
2025-07-29,Dinner,D,Rice,4.52,2.0,9.04,2025,7,29,Tuesday,31,210,3,False,False,False,True,False,July,Weekday,2.26,1.7083778602890038
2025-07-29,Breakfast,A,Rice,0.85,2.0,1.7,2025,7,29,Tuesday,31,210,3,False,False,False,False,False,July,Weekday,0.425,0.6151856390902335
2025-07-29,Lunch,B,Vegetables,1.39,3.0,4.17,2025,7,29,Tuesday,31,210,3,False,False,False,False,False,July,Weekday,0.4633333333333333,0.8712933659434192
2025-07-29,Breakfast,C,Soup,4.23,1.5,6.345000000000001,2025,7,29,Tuesday,31,210,3,False,False,False,True,False,July,Weekday,2.8200000000000003,1.6544112780768316
2025-07-29,Lunch,C,Meat,1.42,8.0,11.36,2025,7,29,Tuesday,31,210,3,False,False,False,False,False,July,Weekday,0.1775,0.8837675401685949
2025-07-29,Dinner,C,Vegetables,2.43,3.0,7.290000000000001,2025,7,29,Tuesday,31,210,3,False,False,False,False,False,July,Weekday,0.81,1.2325602611778486
2025-07-29,Breakfast,A,Soup,1.54,1.5,2.31,2025,7,29,Tuesday,31,210,3,False,False,False,False,False,July,Weekday,1.0266666666666666,0.9321640810304452
2025-07-29,Lunch,D,Rice,3.37,2.0,6.74,2025,7,29,Tuesday,31,210,3,False,False,False,False,False,July,Weekday,1.685,1.4747630091074988
2025-07-29,Dinner,B,Meat,2.15,8.0,17.2,2025,7,29,Tuesday,31,210,3,False,False,False,False,False,July,Weekday,0.26875,1.1474024528375417
2025-07-29,Dinner,C,Rice,2.43,2.0,4.86,2025,7,29,Tuesday,31,210,3,False,False,False,False,False,July,Weekday,1.215,1.2325602611778486
2025-07-29,Lunch,A,Soup,4.44,1.5,6.66,2025,7,29,Tuesday,31,210,3,False,False,False,True,False,July,Weekday,2.9600000000000004,1.6937790608678513
2025-07-29,Breakfast,B,Rice,3.34,2.0,6.68,2025,7,29,Tuesday,31,210,3,False,False,False,False,False,July,Weekday,1.67,1.4678743481123135
2025-07-29,Lunch,A,Meat,2.77,8.0,22.16,2025,7,29,Tuesday,31,210,3,False,False,True,False,False,July,Weekday,0.34625,1.3270750014599193
2025-07-29,Dinner,C,Soup,0.49,1.5,0.735,2025,7,29,Tuesday,31,210,3,False,False,False,False,False,July,Weekday,0.32666666666666666,0.3987761199573678
2025-07-29,Dinner,D,Vegetables,2.56,3.0,7.68,2025,7,29,Tuesday,31,210,3,False,False,False,False,False,July,Weekday,0.8533333333333334,1.269760544863939
2025-07-29,Dinner,B,Vegetables,2.72,3.0,8.16,2025,7,29,Tuesday,31,210,3,False,False,False,False,False,July,Weekday,0.9066666666666667,1.3137236682850553
2025-07-29,Lunch,D,Vegetables,1.78,3.0,5.34,2025,7,29,Tuesday,31,210,3,False,False,False,False,False,July,Weekday,0.5933333333333334,1.0224509277025458
2025-07-29,Breakfast,B,Meat,3.04,8.0,24.32,2025,7,29,Tuesday,31,210,3,False,False,True,False,False,July,Weekday,0.38,1.3962446919730587
2025-07-29,Breakfast,C,Rice,0.94,2.0,1.88,2025,7,29,Tuesday,31,210,3,False,False,False,False,False,July,Weekday,0.47,0.6626879730752367
2025-07-29,Lunch,D,Soup,2.75,1.5,4.125,2025,7,29,Tuesday,31,210,3,False,False,False,False,False,July,Weekday,1.8333333333333333,1.3217558399823195
2025-07-29,Dinner,C,Meat,4.42,8.0,35.36,2025,7,29,Tuesday,31,210,3,False,False,True,True,True,July,Weekday,0.5525,1.6900958154515549
2025-07-29,Breakfast,C,Meat,1.53,8.0,12.24,2025,7,29,Tuesday,31,210,3,False,False,False,False,False,July,Weekday,0.19125,0.9282193027394289
2025-07-29,Dinner,D,Meat,3.6,8.0,28.8,2025,7,29,Tuesday,31,210,3,False,False,True,False,False,July,Weekday,0.45,1.5260563034950494
2025-07-29,Lunch,D,Meat,0.52,8.0,4.16,2025,7,29,Tuesday,31,210,3,False,False,False,False,False,July,Weekday,0.065,0.41871033485818504
2025-07-29,Breakfast,B,Soup,0.23,1.5,0.34500000000000003,2025,7,29,Tuesday,31,210,3,False,False,False,False,False,July,Weekday,0.15333333333333335,0.20701416938432615
2025-07-29,Dinner,B,Rice,4.11,2.0,8.22,2025,7,29,Tuesday,31,210,3,False,False,False,True,False,July,Weekday,2.055,1.631199404215613
2025-07-29,Breakfast,A,Vegetables,2.2,3.0,6.6000000000000005,2025,7,29,Tuesday,31,210,3,False,False,False,False,False,July,Weekday,0.7333333333333334,1.1631508098056809
2025-07-29,Breakfast,D,Soup,3.34,1.5,5.01,2025,7,29,Tuesday,31,210,3,False,False,False,False,False,July,Weekday,2.2266666666666666,1.4678743481123135
2025-07-29,Lunch,B,Meat,2.28,8.0,18.24,2025,7,29,Tuesday,31,210,3,False,False,False,False,False,July,Weekday,0.285,1.1878434223960523
2025-07-30,Breakfast,A,Rice,4.02,2.0,8.04,2025,7,30,Wednesday,31,211,3,False,False,False,True,False,July,Weekday,2.01,1.6134299337036377
2025-07-30,Lunch,A,Vegetables,4.58,3.0,13.74,2025,7,30,Wednesday,31,211,3,False,False,False,True,False,July,Weekday,1.5266666666666666,1.7191887763932197
2025-07-30,Lunch,B,Meat,2.05,8.0,16.4,2025,7,30,Wednesday,31,211,3,False,False,False,False,False,July,Weekday,0.25625,1.11514159061932
2025-07-30,Breakfast,C,Meat,0.72,8.0,5.76,2025,7,30,Wednesday,31,211,3,False,False,False,False,False,July,Weekday,0.09,0.5423242908253616
2025-07-30,Breakfast,B,Vegetables,4.92,3.0,14.76,2025,7,30,Wednesday,31,211,3,False,False,False,True,False,July,Weekday,1.64,1.7783364488959144
2025-07-30,Breakfast,D,Meat,4.99,8.0,39.92,2025,7,30,Wednesday,31,211,3,False,False,True,True,True,July,Weekday,0.62375,1.790091412127358
2025-07-30,Lunch,C,Soup,3.15,1.5,4.725,2025,7,30,Wednesday,31,211,3,False,False,False,False,False,July,Weekday,2.1,1.423108334242607
2025-07-30,Dinner,B,Rice,2.86,2.0,5.72,2025,7,30,Wednesday,31,211,3,False,False,False,False,False,July,Weekday,1.43,1.3506671834767394
2025-07-30,Breakfast,D,Vegetables,3.17,3.0,9.51,2025,7,30,Wednesday,31,211,3,False,False,False,False,False,July,Weekday,1.0566666666666666,1.4279160358107101
2025-07-30,Breakfast,D,Rice,2.23,2.0,4.46,2025,7,30,Wednesday,31,211,3,False,False,False,False,False,July,Weekday,1.115,1.172482137234565
2025-07-30,Lunch,A,Rice,1.36,2.0,2.72,2025,7,30,Wednesday,31,211,3,False,False,False,False,False,July,Weekday,0.68,0.8586616190375187
2025-07-30,Breakfast,C,Rice,4.06,2.0,8.12,2025,7,30,Wednesday,31,211,3,False,False,False,True,False,July,Weekday,2.03,1.6213664832993742
2025-07-30,Dinner,B,Vegetables,1.5,3.0,4.5,2025,7,30,Wednesday,31,211,3,False,False,False,False,False,July,Weekday,0.5,0.9162907318741551
2025-07-30,Dinner,A,Soup,4.63,1.5,6.945,2025,7,30,Wednesday,31,211,3,False,False,False,True,False,July,Weekday,3.0866666666666664,1.728109442151599
2025-07-30,Breakfast,C,Vegetables,2.17,3.0,6.51,2025,7,30,Wednesday,31,211,3,False,False,False,False,False,July,Weekday,0.7233333333333333,1.1537315878891892
2025-07-30,Lunch,A,Soup,0.43,1.5,0.645,2025,7,30,Wednesday,31,211,3,False,False,False,False,False,July,Weekday,0.2866666666666667,0.3576744442718159
2025-07-30,Dinner,D,Vegetables,1.45,3.0,4.35,2025,7,30,Wednesday,31,211,3,False,False,False,False,False,July,Weekday,0.48333333333333334,0.8960880245566356
2025-07-30,Lunch,C,Rice,2.34,2.0,4.68,2025,7,30,Wednesday,31,211,3,False,False,False,False,False,July,Weekday,1.17,1.205970806988609
2025-07-30,Dinner,A,Rice,2.98,2.0,5.96,2025,7,30,Wednesday,31,211,3,False,False,False,False,False,July,Weekday,1.49,1.3812818192963463
2025-07-30,Lunch,B,Vegetables,1.7,3.0,5.1,2025,7,30,Wednesday,31,211,3,False,False,False,False,False,July,Weekday,0.5666666666666667,0.9932517730102834
2025-07-30,Dinner,C,Soup,2.48,1.5,3.7199999999999998,2025,7,30,Wednesday,31,211,3,False,False,False,False,False,July,Weekday,1.6533333333333333,1.247032293786383
2025-07-30,Dinner,C,Vegetables,1.98,3.0,5.9399999999999995,2025,7,30,Wednesday,31,211,3,False,False,False,False,False,July,Weekday,0.66,1.091923300517313
2025-07-30,Dinner,C,Rice,1.78,2.0,3.56,2025,7,30,Wednesday,31,211,3,False,False,False,False,False,July,Weekday,0.89,1.0224509277025458
2025-07-30,Lunch,D,Meat,2.16,8.0,17.28,2025,7,30,Wednesday,31,211,3,False,False,False,False,False,July,Weekday,0.27,1.1505720275988207
2025-07-30,Breakfast,A,Vegetables,3.14,3.0,9.42,2025,7,30,Wednesday,31,211,3,False,False,False,False,False,July,Weekday,1.0466666666666666,1.420695787837223
2025-07-30,Breakfast,B,Meat,0.95,8.0,7.6,2025,7,30,Wednesday,31,211,3,False,False,False,False,False,July,Weekday,0.11875,0.6678293725756554
2025-07-30,Dinner,D,Rice,3.08,2.0,6.16,2025,7,30,Wednesday,31,211,3,False,False,False,False,False,July,Weekday,1.54,1.4060969884160703
2025-07-30,Breakfast,B,Rice,3.81,2.0,7.62,2025,7,30,Wednesday,31,211,3,False,False,False,False,False,July,Weekday,1.905,1.5706970841176697
2025-07-30,Lunch,D,Rice,2.66,2.0,5.32,2025,7,30,Wednesday,31,211,3,False,False,False,False,False,July,Weekday,1.33,1.297463147413275
2025-07-30,Lunch,C,Meat,4.38,8.0,35.04,2025,7,30,Wednesday,31,211,3,False,False,True,True,True,July,Weekday,0.5475,1.682688374173693
2025-07-30,Lunch,C,Vegetables,3.95,3.0,11.850000000000001,2025,7,30,Wednesday,31,211,3,False,False,False,False,False,July,Weekday,1.3166666666666667,1.599387576580599
2025-07-30,Lunch,B,Soup,1.45,1.5,2.175,2025,7,30,Wednesday,31,211,3,False,False,False,False,False,July,Weekday,0.9666666666666667,0.8960880245566356
2025-07-30,Breakfast,A,Soup,0.69,1.5,1.035,2025,7,30,Wednesday,31,211,3,False,False,False,False,False,July,Weekday,0.45999999999999996,0.5247285289349821
2025-07-30,Dinner,B,Meat,0.59,8.0,4.72,2025,7,30,Wednesday,31,211,3,False,False,False,False,False,July,Weekday,0.07375,0.46373401623214017
2025-07-30,Lunch,B,Rice,2.0,2.0,4.0,2025,7,30,Wednesday,31,211,3,False,False,False,False,False,July,Weekday,1.0,1.0986122886681096
2025-07-30,Breakfast,B,Soup,4.86,1.5,7.290000000000001,2025,7,30,Wednesday,31,211,3,False,False,False,True,False,July,Weekday,3.24,1.7681496035889213
2025-07-30,Lunch,D,Soup,0.83,1.5,1.2449999999999999,2025,7,30,Wednesday,31,211,3,False,False,False,False,False,July,Weekday,0.5533333333333333,0.6043159668533296
2025-07-30,Breakfast,D,Soup,4.19,1.5,6.285,2025,7,30,Wednesday,31,211,3,False,False,False,True,False,July,Weekday,2.7933333333333334,1.6467336971777973
2025-07-30,Dinner,D,Meat,0.28,8.0,2.24,2025,7,30,Wednesday,31,211,3,False,False,False,False,False,July,Weekday,0.035,0.2468600779315258
2025-07-30,Dinner,A,Vegetables,4.7,3.0,14.100000000000001,2025,7,30,Wednesday,31,211,3,False,False,False,True,False,July,Weekday,1.5666666666666667,1.7404661748405044
2025-07-30,Lunch,D,Vegetables,2.13,3.0,6.39,2025,7,30,Wednesday,31,211,3,False,False,False,False,False,July,Weekday,0.71,1.1410330045520618
2025-07-30,Lunch,A,Meat,4.56,8.0,36.48,2025,7,30,Wednesday,31,211,3,False,False,True,True,True,July,Weekday,0.57,1.715598108262491
2025-07-30,Dinner,D,Soup,0.8,1.5,1.2000000000000002,2025,7,30,Wednesday,31,211,3,False,False,False,False,False,July,Weekday,0.5333333333333333,0.5877866649021191
2025-07-30,Breakfast,A,Meat,3.42,8.0,27.36,2025,7,30,Wednesday,31,211,3,False,False,True,False,False,July,Weekday,0.4275,1.4861396960896067
2025-07-31,Breakfast,D,Vegetables,3.51,3.0,10.53,2025,7,31,Thursday,31,212,3,False,False,False,False,False,July,Weekday,1.17,1.5062971535145868
2025-07-31,Dinner,B,Meat,4.41,8.0,35.28,2025,7,31,Thursday,31,212,3,False,False,True,True,True,July,Weekday,0.55125,1.6882490928583902
2025-07-31,Lunch,A,Rice,4.36,2.0,8.72,2025,7,31,Thursday,31,212,3,False,False,False,True,False,July,Weekday,2.18,1.6789639750827106
2025-07-31,Breakfast,B,Vegetables,3.75,3.0,11.25,2025,7,31,Thursday,31,212,3,False,False,False,False,False,July,Weekday,1.25,1.55814461804655
2025-07-31,Dinner,D,Rice,4.6,2.0,9.2,2025,7,31,Thursday,31,212,3,False,False,False,True,False,July,Weekday,2.3,1.7227665977411035
2025-07-31,Lunch,B,Meat,1.42,8.0,11.36,2025,7,31,Thursday,31,212,3,False,False,False,False,False,July,Weekday,0.1775,0.8837675401685949
2025-07-31,Lunch,C,Soup,3.73,1.5,5.595,2025,7,31,Thursday,31,212,3,False,False,False,False,False,July,Weekday,2.486666666666667,1.5539252025038417
2025-07-31,Dinner,B,Vegetables,0.24,3.0,0.72,2025,7,31,Thursday,31,212,3,False,False,False,False,False,July,Weekday,0.08,0.2151113796169455
2025-07-31,Breakfast,A,Meat,3.5,8.0,28.0,2025,7,31,Thursday,31,212,3,False,False,True,False,False,July,Weekday,0.4375,1.5040773967762742
2025-07-31,Lunch,D,Soup,2.62,1.5,3.93,2025,7,31,Thursday,31,212,3,False,False,False,False,False,July,Weekday,1.7466666666666668,1.2864740258376797
2025-07-31,Dinner,D,Meat,3.55,8.0,28.4,2025,7,31,Thursday,31,212,3,False,False,True,False,False,July,Weekday,0.44375,1.515127232962859
2025-07-31,Breakfast,A,Soup,4.46,1.5,6.6899999999999995,2025,7,31,Thursday,31,212,3,False,False,False,True,False,July,Weekday,2.973333333333333,1.6974487897568138
2025-07-31,Lunch,B,Soup,3.26,1.5,4.89,2025,7,31,Thursday,31,212,3,False,False,False,False,False,July,Weekday,2.1733333333333333,1.449269160281279
2025-07-31,Dinner,D,Vegetables,1.44,3.0,4.32,2025,7,31,Thursday,31,212,3,False,False,False,False,False,July,Weekday,0.48,0.8919980393051105
2025-07-31,Lunch,D,Meat,4.35,8.0,34.8,2025,7,31,Thursday,31,212,3,False,False,True,True,True,July,Weekday,0.54375,1.6770965609079151
2025-07-31,Lunch,C,Meat,1.14,8.0,9.12,2025,7,31,Thursday,31,212,3,False,False,False,False,False,July,Weekday,0.1425,0.76080582903376
2025-07-31,Dinner,B,Soup,1.04,1.5,1.56,2025,7,31,Thursday,31,212,3,False,False,False,False,False,July,Weekday,0.6933333333333334,0.712949807856125
2025-07-31,Dinner,C,Vegetables,1.32,3.0,3.96,2025,7,31,Thursday,31,212,3,False,False,False,False,False,July,Weekday,0.44,0.8415671856782186
2025-07-31,Lunch,C,Vegetables,4.14,3.0,12.419999999999998,2025,7,31,Thursday,31,212,3,False,False,False,True,False,July,Weekday,1.38,1.6370530794670737
2025-07-31,Dinner,C,Meat,4.2,8.0,33.6,2025,7,31,Thursday,31,212,3,False,False,True,True,True,July,Weekday,0.525,1.6486586255873816
2025-07-31,Breakfast,C,Soup,1.58,1.5,2.37,2025,7,31,Thursday,31,212,3,False,False,False,False,False,July,Weekday,1.0533333333333335,0.9477893989335261
2025-07-31,Breakfast,C,Vegetables,4.11,3.0,12.330000000000002,2025,7,31,Thursday,31,212,3,False,False,False,True,False,July,Weekday,1.37,1.631199404215613
2025-07-31,Breakfast,A,Vegetables,0.29,3.0,0.8699999999999999,2025,7,31,Thursday,31,212,3,False,False,False,False,False,July,Weekday,0.09666666666666666,0.2546422183735807
2025-07-31,Breakfast,B,Soup,4.61,1.5,6.915000000000001,2025,7,31,Thursday,31,212,3,False,False,False,True,False,July,Weekday,3.0733333333333337,1.724550719534605
2025-07-31,Breakfast,C,Rice,4.5,2.0,9.0,2025,7,31,Thursday,31,212,3,False,False,False,True,False,July,Weekday,2.25,1.7047480922384253
2025-07-31,Dinner,C,Rice,4.18,2.0,8.36,2025,7,31,Thursday,31,212,3,False,False,False,True,False,July,Weekday,2.09,1.6448050562713916
2025-07-31,Lunch,C,Rice,1.02,2.0,2.04,2025,7,31,Thursday,31,212,3,False,False,False,False,False,July,Weekday,0.51,0.7030975114131134
2025-07-31,Dinner,C,Soup,2.34,1.5,3.51,2025,7,31,Thursday,31,212,3,False,False,False,False,False,July,Weekday,1.5599999999999998,1.205970806988609
2025-07-31,Dinner,A,Vegetables,2.58,3.0,7.74,2025,7,31,Thursday,31,212,3,False,False,False,False,False,July,Weekday,0.86,1.275362800412609
2025-07-31,Lunch,B,Vegetables,2.14,3.0,6.42,2025,7,31,Thursday,31,212,3,False,False,False,False,False,July,Weekday,0.7133333333333334,1.144222799920162
2025-07-31,Breakfast,B,Meat,1.26,8.0,10.08,2025,7,31,Thursday,31,212,3,False,False,False,False,False,July,Weekday,0.1575,0.8153648132841945
2025-07-31,Lunch,A,Meat,0.76,8.0,6.08,2025,7,31,Thursday,31,212,3,False,False,False,False,False,July,Weekday,0.095,0.5653138090500605
2025-07-31,Breakfast,C,Meat,0.2,8.0,1.6,2025,7,31,Thursday,31,212,3,False,False,False,False,False,July,Weekday,0.025,0.18232155679395462
2025-07-31,Breakfast,A,Rice,3.08,2.0,6.16,2025,7,31,Thursday,31,212,3,False,False,False,False,False,July,Weekday,1.54,1.4060969884160703
2025-07-31,Lunch,D,Rice,3.82,2.0,7.64,2025,7,31,Thursday,31,212,3,False,False,False,False,False,July,Weekday,1.91,1.5727739280625088
2025-07-31,Dinner,D,Soup,4.14,1.5,6.209999999999999,2025,7,31,Thursday,31,212,3,False,False,False,True,False,July,Weekday,2.76,1.6370530794670737
2025-07-31,Breakfast,D,Rice,1.47,2.0,2.94,2025,7,31,Thursday,31,212,3,False,False,False,False,False,July,Weekday,0.735,0.9042181506398859
2025-07-31,Dinner,B,Rice,4.27,2.0,8.54,2025,7,31,Thursday,31,212,3,False,False,False,True,False,July,Weekday,2.135,1.6620303625532709
2025-07-31,Lunch,B,Rice,4.15,2.0,8.3,2025,7,31,Thursday,31,212,3,False,False,False,True,False,July,Weekday,2.075,1.6389967146756448
2025-07-31,Lunch,D,Vegetables,4.12,3.0,12.36,2025,7,31,Thursday,31,212,3,False,False,False,True,False,July,Weekday,1.3733333333333333,1.6331544390514163
2025-07-31,Lunch,A,Vegetables,4.87,3.0,14.61,2025,7,31,Thursday,31,212,3,False,False,False,True,False,July,Weekday,1.6233333333333333,1.769854633840005
2025-07-31,Breakfast,B,Rice,1.72,2.0,3.44,2025,7,31,Thursday,31,212,3,False,False,False,False,False,July,Weekday,0.86,1.000631880307906
2025-07-31,Breakfast,D,Soup,0.58,1.5,0.8699999999999999,2025,7,31,Thursday,31,212,3,False,False,False,False,False,July,Weekday,0.38666666666666666,0.4574248470388754
2025-07-31,Breakfast,D,Meat,2.51,8.0,20.08,2025,7,31,Thursday,31,212,3,False,False,False,False,False,July,Weekday,0.31375,1.2556160374777745
2025-07-31,Lunch,A,Soup,2.27,1.5,3.4050000000000002,2025,7,31,Thursday,31,212,3,False,False,False,False,False,July,Weekday,1.5133333333333334,1.184789984909162
2025-08-01,Lunch,A,Soup,4.3,1.5,6.449999999999999,2025,8,1,Friday,31,213,3,False,False,False,True,False,August,Weekday,2.8666666666666667,1.667706820558076
2025-08-01,Lunch,D,Rice,4.57,2.0,9.14,2025,8,1,Friday,31,213,3,False,False,False,True,False,August,Weekday,2.285,1.7173950539391927
2025-08-01,Lunch,C,Meat,3.92,8.0,31.36,2025,8,1,Friday,31,213,3,False,False,True,False,True,August,Weekday,0.49,1.5933085305042167
2025-08-01,Dinner,B,Vegetables,1.94,3.0,5.82,2025,8,1,Friday,31,213,3,False,False,False,False,False,August,Weekday,0.6466666666666666,1.0784095813505903
2025-08-01,Breakfast,C,Rice,2.98,2.0,5.96,2025,8,1,Friday,31,213,3,False,False,False,False,False,August,Weekday,1.49,1.3812818192963463
2025-08-01,Lunch,A,Meat,2.9,8.0,23.2,2025,8,1,Friday,31,213,3,False,False,True,False,False,August,Weekday,0.3625,1.3609765531356006
2025-08-01,Breakfast,D,Vegetables,1.5,3.0,4.5,2025,8,1,Friday,31,213,3,False,False,False,False,False,August,Weekday,0.5,0.9162907318741551
2025-08-01,Lunch,B,Vegetables,1.42,3.0,4.26,2025,8,1,Friday,31,213,3,False,False,False,False,False,August,Weekday,0.47333333333333333,0.8837675401685949
2025-08-01,Dinner,D,Vegetables,2.61,3.0,7.83,2025,8,1,Friday,31,213,3,False,False,False,False,False,August,Weekday,0.87,1.2837077723447896
2025-08-01,Lunch,B,Rice,3.27,2.0,6.54,2025,8,1,Friday,31,213,3,False,False,False,False,False,August,Weekday,1.635,1.4516138272405332
2025-08-01,Dinner,D,Rice,2.05,2.0,4.1,2025,8,1,Friday,31,213,3,False,False,False,False,False,August,Weekday,1.025,1.11514159061932
2025-08-01,Lunch,C,Soup,0.14,1.5,0.21000000000000002,2025,8,1,Friday,31,213,3,False,False,False,False,False,August,Weekday,0.09333333333333334,0.1310282624064041
2025-08-01,Lunch,C,Vegetables,3.86,3.0,11.58,2025,8,1,Friday,31,213,3,False,False,False,False,False,August,Weekday,1.2866666666666666,1.5810384379124023
2025-08-01,Lunch,D,Meat,3.27,8.0,26.16,2025,8,1,Friday,31,213,3,False,False,True,False,False,August,Weekday,0.40875,1.4516138272405332
2025-08-01,Breakfast,B,Soup,4.37,1.5,6.555,2025,8,1,Friday,31,213,3,False,False,False,True,False,August,Weekday,2.9133333333333336,1.6808279085207734
2025-08-01,Breakfast,A,Rice,2.58,2.0,5.16,2025,8,1,Friday,31,213,3,False,False,False,False,False,August,Weekday,1.29,1.275362800412609
2025-08-01,Breakfast,D,Rice,3.77,2.0,7.54,2025,8,1,Friday,31,213,3,False,False,False,False,False,August,Weekday,1.885,1.5623463049002497
2025-08-01,Breakfast,B,Rice,1.93,2.0,3.86,2025,8,1,Friday,31,213,3,False,False,False,False,False,August,Weekday,0.965,1.0750024230289759
2025-08-01,Dinner,A,Soup,4.84,1.5,7.26,2025,8,1,Friday,31,213,3,False,False,False,True,False,August,Weekday,3.2266666666666666,1.7647307968401358
2025-08-01,Lunch,B,Soup,2.11,1.5,3.165,2025,8,1,Friday,31,213,3,False,False,False,False,False,August,Weekday,1.4066666666666665,1.1346227261911428
2025-08-01,Dinner,D,Meat,0.6,8.0,4.8,2025,8,1,Friday,31,213,3,False,False,False,False,False,August,Weekday,0.075,0.4700036292457356
2025-08-01,Dinner,A,Rice,1.34,2.0,2.68,2025,8,1,Friday,31,213,3,False,False,False,False,False,August,Weekday,0.67,0.8501509293696101
2025-08-01,Breakfast,C,Vegetables,0.9,3.0,2.7,2025,8,1,Friday,31,213,3,False,False,False,False,False,August,Weekday,0.3,0.6418538861723948
2025-08-01,Dinner,C,Vegetables,3.42,3.0,10.26,2025,8,1,Friday,31,213,3,False,False,False,False,False,August,Weekday,1.14,1.4861396960896067
2025-08-01,Breakfast,B,Meat,3.01,8.0,24.08,2025,8,1,Friday,31,213,3,False,False,True,False,False,August,Weekday,0.37625,1.3887912413184778
2025-08-01,Lunch,A,Rice,0.9,2.0,1.8,2025,8,1,Friday,31,213,3,False,False,False,False,False,August,Weekday,0.45,0.6418538861723948
2025-08-01,Dinner,C,Soup,4.14,1.5,6.209999999999999,2025,8,1,Friday,31,213,3,False,False,False,True,False,August,Weekday,2.76,1.6370530794670737
2025-08-01,Dinner,A,Vegetables,1.6,3.0,4.800000000000001,2025,8,1,Friday,31,213,3,False,False,False,False,False,August,Weekday,0.5333333333333333,0.9555114450274365
2025-08-01,Breakfast,D,Meat,3.48,8.0,27.84,2025,8,1,Friday,31,213,3,False,False,True,False,False,August,Weekday,0.435,1.4996230464268938
2025-08-01,Breakfast,A,Soup,0.25,1.5,0.375,2025,8,1,Friday,31,213,3,False,False,False,False,False,August,Weekday,0.16666666666666666,0.22314355131420976
2025-08-01,Dinner,C,Rice,1.33,2.0,2.66,2025,8,1,Friday,31,213,3,False,False,False,False,False,August,Weekday,0.665,0.8458682675776092
2025-08-01,Lunch,D,Vegetables,3.05,3.0,9.149999999999999,2025,8,1,Friday,31,213,3,False,False,False,False,False,August,Weekday,1.0166666666666666,1.3987168811184478
2025-08-01,Breakfast,D,Soup,1.99,1.5,2.985,2025,8,1,Friday,31,213,3,False,False,False,False,False,August,Weekday,1.3266666666666667,1.095273387402595
2025-08-01,Dinner,A,Meat,4.04,8.0,32.32,2025,8,1,Friday,31,213,3,False,False,True,True,True,August,Weekday,0.505,1.6174060820832772
2025-08-01,Breakfast,C,Soup,4.48,1.5,6.720000000000001,2025,8,1,Friday,31,213,3,False,False,False,True,False,August,Weekday,2.986666666666667,1.7011051009599243
2025-08-01,Lunch,B,Meat,3.42,8.0,27.36,2025,8,1,Friday,31,213,3,False,False,True,False,False,August,Weekday,0.4275,1.4861396960896067
2025-08-01,Lunch,A,Vegetables,4.83,3.0,14.49,2025,8,1,Friday,31,213,3,False,False,False,True,False,August,Weekday,1.61,1.763017000362401
2025-08-01,Lunch,D,Soup,0.14,1.5,0.21000000000000002,2025,8,1,Friday,31,213,3,False,False,False,False,False,August,Weekday,0.09333333333333334,0.1310282624064041
2025-08-01,Breakfast,C,Meat,1.81,8.0,14.48,2025,8,1,Friday,31,213,3,False,False,False,False,False,August,Weekday,0.22625,1.0331844833456545
2025-08-01,Dinner,B,Soup,1.81,1.5,2.715,2025,8,1,Friday,31,213,3,False,False,False,False,False,August,Weekday,1.2066666666666668,1.0331844833456545
2025-08-01,Dinner,B,Rice,3.25,2.0,6.5,2025,8,1,Friday,31,213,3,False,False,False,False,False,August,Weekday,1.625,1.4469189829363254
2025-08-01,Lunch,C,Rice,0.2,2.0,0.4,2025,8,1,Friday,31,213,3,False,False,False,False,False,August,Weekday,0.1,0.18232155679395462
2025-08-01,Dinner,D,Soup,3.35,1.5,5.025,2025,8,1,Friday,31,213,3,False,False,False,False,False,August,Weekday,2.2333333333333334,1.4701758451005928
2025-08-02,Dinner,A,Soup,3.95,1.5,5.925000000000001,2025,8,2,Saturday,31,214,3,True,False,False,False,False,August,Weekend,2.6333333333333333,1.599387576580599
2025-08-02,Lunch,A,Soup,3.04,1.5,4.5600000000000005,2025,8,2,Saturday,31,214,3,True,False,False,False,False,August,Weekend,2.026666666666667,1.3962446919730587
2025-08-02,Breakfast,C,Rice,3.24,2.0,6.48,2025,8,2,Saturday,31,214,3,True,False,False,False,False,August,Weekend,1.62,1.4445632692438664
2025-08-02,Lunch,D,Meat,3.57,8.0,28.56,2025,8,2,Saturday,31,214,3,True,False,True,False,False,August,Weekend,0.44625,1.5195132049061133
2025-08-02,Dinner,D,Soup,3.84,1.5,5.76,2025,8,2,Saturday,31,214,3,True,False,False,False,False,August,Weekend,2.56,1.5769147207285403
2025-08-02,Lunch,D,Soup,1.03,1.5,1.545,2025,8,2,Saturday,31,214,3,True,False,False,False,False,August,Weekend,0.6866666666666666,0.708035793053696
2025-08-02,Breakfast,A,Rice,4.23,2.0,8.46,2025,8,2,Saturday,31,214,3,True,False,False,True,False,August,Weekend,2.115,1.6544112780768316
2025-08-02,Dinner,A,Rice,3.66,2.0,7.32,2025,8,2,Saturday,31,214,3,True,False,False,False,False,August,Weekend,1.83,1.5390154481375546
2025-08-02,Breakfast,D,Meat,1.56,8.0,12.48,2025,8,2,Saturday,31,214,3,True,False,False,False,False,August,Weekend,0.195,0.9400072584914712
2025-08-02,Breakfast,C,Soup,3.58,1.5,5.37,2025,8,2,Saturday,31,214,3,True,False,False,False,False,August,Weekend,2.3866666666666667,1.5216989981260935
2025-08-02,Dinner,D,Rice,0.73,2.0,1.46,2025,8,2,Saturday,31,214,3,True,False,False,False,False,August,Weekend,0.365,0.5481214085096876
2025-08-02,Breakfast,D,Rice,4.47,2.0,8.94,2025,8,2,Saturday,31,214,3,True,False,False,True,False,August,Weekend,2.235,1.6992786164338898
2025-08-02,Dinner,C,Soup,0.58,1.5,0.8699999999999999,2025,8,2,Saturday,31,214,3,True,False,False,False,False,August,Weekend,0.38666666666666666,0.4574248470388754
2025-08-02,Lunch,B,Soup,3.31,1.5,4.965,2025,8,2,Saturday,31,214,3,True,False,False,False,False,August,Weekend,2.2066666666666666,1.4609379041156565
2025-08-02,Dinner,B,Vegetables,2.59,3.0,7.77,2025,8,2,Saturday,31,214,3,True,False,False,False,False,August,Weekend,0.8633333333333333,1.2781522025001875
2025-08-02,Dinner,D,Vegetables,4.06,3.0,12.18,2025,8,2,Saturday,31,214,3,True,False,False,True,False,August,Weekend,1.3533333333333333,1.6213664832993742
2025-08-02,Dinner,C,Rice,4.22,2.0,8.44,2025,8,2,Saturday,31,214,3,True,False,False,True,False,August,Weekend,2.11,1.6524974018945473
2025-08-02,Lunch,C,Soup,2.0,1.5,3.0,2025,8,2,Saturday,31,214,3,True,False,False,False,False,August,Weekend,1.3333333333333333,1.0986122886681096
2025-08-02,Breakfast,C,Meat,4.32,8.0,34.56,2025,8,2,Saturday,31,214,3,True,False,True,True,True,August,Weekend,0.54,1.6714733033535532
2025-08-02,Breakfast,A,Soup,3.08,1.5,4.62,2025,8,2,Saturday,31,214,3,True,False,False,False,False,August,Weekend,2.0533333333333332,1.4060969884160703
2025-08-02,Breakfast,A,Meat,1.93,8.0,15.44,2025,8,2,Saturday,31,214,3,True,False,False,False,False,August,Weekend,0.24125,1.0750024230289759
2025-08-02,Lunch,D,Vegetables,2.9,3.0,8.7,2025,8,2,Saturday,31,214,3,True,False,False,False,False,August,Weekend,0.9666666666666667,1.3609765531356006
2025-08-02,Lunch,C,Meat,1.37,8.0,10.96,2025,8,2,Saturday,31,214,3,True,False,False,False,False,August,Weekend,0.17125,0.8628899551470399
2025-08-02,Dinner,B,Meat,3.39,8.0,27.12,2025,8,2,Saturday,31,214,3,True,False,True,False,False,August,Weekend,0.42375,1.47932922708708
2025-08-02,Breakfast,B,Rice,1.56,2.0,3.12,2025,8,2,Saturday,31,214,3,True,False,False,False,False,August,Weekend,0.78,0.9400072584914712
2025-08-02,Lunch,A,Meat,4.05,8.0,32.4,2025,8,2,Saturday,31,214,3,True,False,True,True,True,August,Weekend,0.50625,1.6193882432872684
2025-08-02,Dinner,A,Vegetables,2.72,3.0,8.16,2025,8,2,Saturday,31,214,3,True,False,False,False,False,August,Weekend,0.9066666666666667,1.3137236682850553
2025-08-02,Breakfast,B,Vegetables,0.41,3.0,1.23,2025,8,2,Saturday,31,214,3,True,False,False,False,False,August,Weekend,0.13666666666666666,0.3435897043900769
2025-08-02,Dinner,A,Meat,1.19,8.0,9.52,2025,8,2,Saturday,31,214,3,True,False,False,False,False,August,Weekend,0.14875,0.7839015438284094
2025-08-02,Lunch,A,Rice,4.51,2.0,9.02,2025,8,2,Saturday,31,214,3,True,False,False,True,False,August,Weekend,2.255,1.706564623164823
2025-08-02,Breakfast,C,Vegetables,1.38,3.0,4.14,2025,8,2,Saturday,31,214,3,True,False,False,False,False,August,Weekend,0.45999999999999996,0.8671004876833832
2025-08-02,Breakfast,B,Meat,0.63,8.0,5.04,2025,8,2,Saturday,31,214,3,True,False,False,False,False,August,Weekend,0.07875,0.48858001481867097
2025-08-02,Breakfast,D,Vegetables,0.83,3.0,2.4899999999999998,2025,8,2,Saturday,31,214,3,True,False,False,False,False,August,Weekend,0.27666666666666667,0.6043159668533296
2025-08-02,Lunch,C,Vegetables,2.15,3.0,6.449999999999999,2025,8,2,Saturday,31,214,3,True,False,False,False,False,August,Weekend,0.7166666666666667,1.1474024528375417
2025-08-02,Lunch,A,Vegetables,4.03,3.0,12.09,2025,8,2,Saturday,31,214,3,True,False,False,True,False,August,Weekend,1.3433333333333335,1.6154199841116479
2025-08-02,Lunch,B,Meat,3.44,8.0,27.52,2025,8,2,Saturday,31,214,3,True,False,True,False,False,August,Weekend,0.43,1.4906543764441333
2025-08-02,Dinner,C,Vegetables,0.99,3.0,2.9699999999999998,2025,8,2,Saturday,31,214,3,True,False,False,False,False,August,Weekend,0.33,0.688134638736401
2025-08-02,Lunch,B,Vegetables,3.63,3.0,10.89,2025,8,2,Saturday,31,214,3,True,False,False,False,False,August,Weekend,1.21,1.5325568680981427
2025-08-02,Lunch,B,Rice,3.34,2.0,6.68,2025,8,2,Saturday,31,214,3,True,False,False,False,False,August,Weekend,1.67,1.4678743481123135
2025-08-02,Breakfast,A,Vegetables,3.27,3.0,9.81,2025,8,2,Saturday,31,214,3,True,False,False,False,False,August,Weekend,1.09,1.4516138272405332
2025-08-02,Breakfast,B,Soup,4.94,1.5,7.41,2025,8,2,Saturday,31,214,3,True,False,False,True,False,August,Weekend,3.2933333333333334,1.7817091333745536
2025-08-02,Dinner,D,Meat,1.37,8.0,10.96,2025,8,2,Saturday,31,214,3,True,False,False,False,False,August,Weekend,0.17125,0.8628899551470399
2025-08-02,Dinner,B,Soup,4.24,1.5,6.36,2025,8,2,Saturday,31,214,3,True,False,False,True,False,August,Weekend,2.8266666666666667,1.6563214983329508
2025-08-02,Dinner,C,Meat,4.39,8.0,35.12,2025,8,2,Saturday,31,214,3,True,False,True,True,True,August,Weekend,0.54875,1.6845453849209058
2025-08-03,Breakfast,C,Soup,4.27,1.5,6.404999999999999,2025,8,3,Sunday,31,215,3,True,False,False,True,False,August,Weekend,2.8466666666666662,1.6620303625532709
2025-08-03,Dinner,C,Soup,3.84,1.5,5.76,2025,8,3,Sunday,31,215,3,True,False,False,False,False,August,Weekend,2.56,1.5769147207285403
2025-08-03,Lunch,D,Soup,3.61,1.5,5.415,2025,8,3,Sunday,31,215,3,True,False,False,False,False,August,Weekend,2.4066666666666667,1.5282278570085572
2025-08-03,Breakfast,C,Rice,1.72,2.0,3.44,2025,8,3,Sunday,31,215,3,True,False,False,False,False,August,Weekend,0.86,1.000631880307906
2025-08-03,Lunch,B,Soup,4.29,1.5,6.4350000000000005,2025,8,3,Sunday,31,215,3,True,False,False,True,False,August,Weekend,2.86,1.665818245870208
2025-08-03,Lunch,C,Meat,1.08,8.0,8.64,2025,8,3,Sunday,31,215,3,True,False,False,False,False,August,Weekend,0.135,0.7323678937132266
2025-08-03,Dinner,A,Vegetables,3.19,3.0,9.57,2025,8,3,Sunday,31,215,3,True,False,False,False,False,August,Weekend,1.0633333333333332,1.4327007339340463
2025-08-03,Lunch,B,Rice,1.97,2.0,3.94,2025,8,3,Sunday,31,215,3,True,False,False,False,False,August,Weekend,0.985,1.0885619528146082
2025-08-03,Lunch,A,Vegetables,2.55,3.0,7.6499999999999995,2025,8,3,Sunday,31,215,3,True,False,False,False,False,August,Weekend,0.85,1.2669476034873244
2025-08-03,Dinner,C,Meat,3.85,8.0,30.8,2025,8,3,Sunday,31,215,3,True,False,True,False,True,August,Weekend,0.48125,1.578978704949392
2025-08-03,Dinner,A,Soup,0.97,1.5,1.455,2025,8,3,Sunday,31,215,3,True,False,False,False,False,August,Weekend,0.6466666666666666,0.6780335427498971
2025-08-03,Dinner,A,Rice,3.92,2.0,7.84,2025,8,3,Sunday,31,215,3,True,False,False,False,False,August,Weekend,1.96,1.5933085305042167
2025-08-03,Breakfast,C,Vegetables,1.54,3.0,4.62,2025,8,3,Sunday,31,215,3,True,False,False,False,False,August,Weekend,0.5133333333333333,0.9321640810304452
2025-08-03,Dinner,B,Soup,3.83,1.5,5.745,2025,8,3,Sunday,31,215,3,True,False,False,False,False,August,Weekend,2.5533333333333332,1.5748464676644813
2025-08-03,Breakfast,B,Meat,3.75,8.0,30.0,2025,8,3,Sunday,31,215,3,True,False,True,False,False,August,Weekend,0.46875,1.55814461804655
2025-08-03,Breakfast,A,Vegetables,1.74,3.0,5.22,2025,8,3,Sunday,31,215,3,True,False,False,False,False,August,Weekend,0.58,1.007957920399979
2025-08-03,Lunch,A,Soup,4.35,1.5,6.5249999999999995,2025,8,3,Sunday,31,215,3,True,False,False,True,False,August,Weekend,2.9,1.6770965609079151
2025-08-03,Breakfast,D,Soup,4.73,1.5,7.095000000000001,2025,8,3,Sunday,31,215,3,True,False,False,True,False,August,Weekend,3.1533333333333338,1.7457155307266483
2025-08-03,Lunch,C,Vegetables,2.11,3.0,6.33,2025,8,3,Sunday,31,215,3,True,False,False,False,False,August,Weekend,0.7033333333333333,1.1346227261911428
2025-08-03,Lunch,D,Meat,2.34,8.0,18.72,2025,8,3,Sunday,31,215,3,True,False,False,False,False,August,Weekend,0.2925,1.205970806988609
2025-08-03,Dinner,C,Rice,0.93,2.0,1.86,2025,8,3,Sunday,31,215,3,True,False,False,False,False,August,Weekend,0.465,0.6575200029167942
2025-08-03,Dinner,C,Vegetables,2.5,3.0,7.5,2025,8,3,Sunday,31,215,3,True,False,False,False,False,August,Weekend,0.8333333333333334,1.252762968495368
2025-08-03,Dinner,D,Rice,0.53,2.0,1.06,2025,8,3,Sunday,31,215,3,True,False,False,False,False,August,Weekend,0.265,0.4252677354043441
2025-08-03,Dinner,B,Rice,3.21,2.0,6.42,2025,8,3,Sunday,31,215,3,True,False,False,False,False,August,Weekend,1.605,1.43746264769429
2025-08-03,Breakfast,A,Soup,0.54,1.5,0.81,2025,8,3,Sunday,31,215,3,True,False,False,False,False,August,Weekend,0.36000000000000004,0.43178241642553783
2025-08-03,Breakfast,C,Meat,1.38,8.0,11.04,2025,8,3,Sunday,31,215,3,True,False,False,False,False,August,Weekend,0.1725,0.8671004876833832
2025-08-03,Dinner,D,Soup,2.08,1.5,3.12,2025,8,3,Sunday,31,215,3,True,False,False,False,False,August,Weekend,1.3866666666666667,1.1249295969854831
2025-08-03,Lunch,A,Rice,0.45,2.0,0.9,2025,8,3,Sunday,31,215,3,True,False,False,False,False,August,Weekend,0.225,0.37156355643248307
2025-08-03,Dinner,D,Vegetables,3.2,3.0,9.600000000000001,2025,8,3,Sunday,31,215,3,True,False,False,False,False,August,Weekend,1.0666666666666667,1.4350845252893227
2025-08-03,Breakfast,B,Rice,1.84,2.0,3.68,2025,8,3,Sunday,31,215,3,True,False,False,False,False,August,Weekend,0.92,1.0438040521731147
2025-08-03,Breakfast,B,Soup,3.96,1.5,5.9399999999999995,2025,8,3,Sunday,31,215,3,True,False,False,False,False,August,Weekend,2.64,1.601405740736836
2025-08-03,Breakfast,B,Vegetables,1.6,3.0,4.800000000000001,2025,8,3,Sunday,31,215,3,True,False,False,False,False,August,Weekend,0.5333333333333333,0.9555114450274365
2025-08-03,Lunch,B,Vegetables,0.36,3.0,1.08,2025,8,3,Sunday,31,215,3,True,False,False,False,False,August,Weekend,0.12,0.3074846997479606
2025-08-03,Dinner,B,Meat,0.12,8.0,0.96,2025,8,3,Sunday,31,215,3,True,False,False,False,False,August,Weekend,0.015,0.11332868530700317
2025-08-03,Dinner,B,Vegetables,1.44,3.0,4.32,2025,8,3,Sunday,31,215,3,True,False,False,False,False,August,Weekend,0.48,0.8919980393051105
2025-08-03,Lunch,A,Meat,4.46,8.0,35.68,2025,8,3,Sunday,31,215,3,True,False,True,True,True,August,Weekend,0.5575,1.6974487897568138
2025-08-03,Lunch,C,Soup,2.89,1.5,4.335,2025,8,3,Sunday,31,215,3,True,False,False,False,False,August,Weekend,1.9266666666666667,1.358409157630355
2025-08-03,Dinner,A,Meat,2.49,8.0,19.92,2025,8,3,Sunday,31,215,3,True,False,False,False,False,August,Weekend,0.31125,1.2499017362143359
2025-08-03,Breakfast,A,Meat,3.43,8.0,27.44,2025,8,3,Sunday,31,215,3,True,False,True,False,False,August,Weekend,0.42875,1.4883995840570443
2025-08-03,Dinner,D,Meat,3.11,8.0,24.88,2025,8,3,Sunday,31,215,3,True,False,True,False,False,August,Weekend,0.38875,1.4134230285081433
2025-08-03,Lunch,D,Vegetables,1.65,3.0,4.949999999999999,2025,8,3,Sunday,31,215,3,True,False,False,False,False,August,Weekend,0.5499999999999999,0.9745596399981308
2025-08-04,Dinner,B,Rice,3.7,2.0,7.4,2025,8,4,Monday,32,216,3,False,False,False,False,False,August,Weekday,1.85,1.547562508716013
2025-08-04,Lunch,A,Vegetables,4.14,3.0,12.419999999999998,2025,8,4,Monday,32,216,3,False,False,False,True,False,August,Weekday,1.38,1.6370530794670737
2025-08-04,Breakfast,C,Vegetables,3.17,3.0,9.51,2025,8,4,Monday,32,216,3,False,False,False,False,False,August,Weekday,1.0566666666666666,1.4279160358107101
2025-08-04,Breakfast,D,Vegetables,0.73,3.0,2.19,2025,8,4,Monday,32,216,3,False,False,False,False,False,August,Weekday,0.24333333333333332,0.5481214085096876
2025-08-04,Dinner,C,Soup,1.35,1.5,2.0250000000000004,2025,8,4,Monday,32,216,3,False,False,False,False,False,August,Weekday,0.9,0.8544153281560676
2025-08-04,Dinner,A,Soup,0.74,1.5,1.1099999999999999,2025,8,4,Monday,32,216,3,False,False,False,False,False,August,Weekday,0.49333333333333335,0.5538851132264376
2025-08-04,Lunch,D,Vegetables,4.75,3.0,14.25,2025,8,4,Monday,32,216,3,False,False,False,True,False,August,Weekday,1.5833333333333333,1.749199854809259
2025-08-04,Dinner,A,Rice,2.08,2.0,4.16,2025,8,4,Monday,32,216,3,False,False,False,False,False,August,Weekday,1.04,1.1249295969854831
2025-08-04,Dinner,D,Meat,0.34,8.0,2.72,2025,8,4,Monday,32,216,3,False,False,False,False,False,August,Weekday,0.0425,0.29266961396282
2025-08-04,Lunch,A,Rice,2.98,2.0,5.96,2025,8,4,Monday,32,216,3,False,False,False,False,False,August,Weekday,1.49,1.3812818192963463
2025-08-04,Dinner,A,Vegetables,3.66,3.0,10.98,2025,8,4,Monday,32,216,3,False,False,False,False,False,August,Weekday,1.22,1.5390154481375546
2025-08-04,Breakfast,D,Soup,1.98,1.5,2.9699999999999998,2025,8,4,Monday,32,216,3,False,False,False,False,False,August,Weekday,1.32,1.091923300517313
2025-08-04,Lunch,D,Meat,1.02,8.0,8.16,2025,8,4,Monday,32,216,3,False,False,False,False,False,August,Weekday,0.1275,0.7030975114131134
2025-08-04,Dinner,D,Rice,2.72,2.0,5.44,2025,8,4,Monday,32,216,3,False,False,False,False,False,August,Weekday,1.36,1.3137236682850553
2025-08-04,Dinner,C,Rice,3.29,2.0,6.58,2025,8,4,Monday,32,216,3,False,False,False,False,False,August,Weekday,1.645,1.4562867329399256
2025-08-04,Dinner,B,Soup,1.9,1.5,2.8499999999999996,2025,8,4,Monday,32,216,3,False,False,False,False,False,August,Weekday,1.2666666666666666,1.0647107369924282
2025-08-04,Dinner,B,Vegetables,0.93,3.0,2.79,2025,8,4,Monday,32,216,3,False,False,False,False,False,August,Weekday,0.31,0.6575200029167942
2025-08-04,Lunch,D,Rice,1.86,2.0,3.72,2025,8,4,Monday,32,216,3,False,False,False,False,False,August,Weekday,0.93,1.0508216248317612
2025-08-04,Dinner,D,Vegetables,4.97,3.0,14.91,2025,8,4,Monday,32,216,3,False,False,False,True,False,August,Weekday,1.6566666666666665,1.7867469274045107
2025-08-04,Breakfast,B,Rice,1.93,2.0,3.86,2025,8,4,Monday,32,216,3,False,False,False,False,False,August,Weekday,0.965,1.0750024230289759
2025-08-04,Lunch,B,Soup,1.76,1.5,2.64,2025,8,4,Monday,32,216,3,False,False,False,False,False,August,Weekday,1.1733333333333333,1.0152306797290587
2025-08-04,Breakfast,A,Vegetables,0.28,3.0,0.8400000000000001,2025,8,4,Monday,32,216,3,False,False,False,False,False,August,Weekday,0.09333333333333334,0.2468600779315258
2025-08-04,Breakfast,B,Soup,4.18,1.5,6.27,2025,8,4,Monday,32,216,3,False,False,False,True,False,August,Weekday,2.7866666666666666,1.6448050562713916
2025-08-04,Breakfast,B,Meat,0.17,8.0,1.36,2025,8,4,Monday,32,216,3,False,False,False,False,False,August,Weekday,0.02125,0.15700374880966475
2025-08-04,Lunch,C,Meat,4.98,8.0,39.84,2025,8,4,Monday,32,216,3,False,False,True,True,True,August,Weekday,0.6225,1.7884205679625405
2025-08-04,Lunch,A,Meat,0.92,8.0,7.36,2025,8,4,Monday,32,216,3,False,False,False,False,False,August,Weekday,0.115,0.6523251860396903
2025-08-04,Dinner,C,Vegetables,4.4,3.0,13.200000000000001,2025,8,4,Monday,32,216,3,False,False,False,True,False,August,Weekday,1.4666666666666668,1.6863989535702286
2025-08-04,Breakfast,D,Meat,1.79,8.0,14.32,2025,8,4,Monday,32,216,3,False,False,False,False,False,August,Weekday,0.22375,1.0260415958332743
2025-08-04,Lunch,A,Soup,1.56,1.5,2.34,2025,8,4,Monday,32,216,3,False,False,False,False,False,August,Weekday,1.04,0.9400072584914712
2025-08-04,Breakfast,C,Meat,3.42,8.0,27.36,2025,8,4,Monday,32,216,3,False,False,True,False,False,August,Weekday,0.4275,1.4861396960896067
2025-08-04,Lunch,B,Vegetables,3.02,3.0,9.06,2025,8,4,Monday,32,216,3,False,False,False,False,False,August,Weekday,1.0066666666666666,1.3912819026309298
2025-08-04,Lunch,D,Soup,4.6,1.5,6.8999999999999995,2025,8,4,Monday,32,216,3,False,False,False,True,False,August,Weekday,3.0666666666666664,1.7227665977411035
2025-08-04,Lunch,C,Rice,4.45,2.0,8.9,2025,8,4,Monday,32,216,3,False,False,False,True,False,August,Weekday,2.225,1.6956156086751528
2025-08-04,Lunch,C,Vegetables,1.78,3.0,5.34,2025,8,4,Monday,32,216,3,False,False,False,False,False,August,Weekday,0.5933333333333334,1.0224509277025458
2025-08-04,Breakfast,A,Meat,1.98,8.0,15.84,2025,8,4,Monday,32,216,3,False,False,False,False,False,August,Weekday,0.2475,1.091923300517313
2025-08-04,Dinner,C,Meat,0.28,8.0,2.24,2025,8,4,Monday,32,216,3,False,False,False,False,False,August,Weekday,0.035,0.2468600779315258
2025-08-04,Dinner,B,Meat,2.99,8.0,23.92,2025,8,4,Monday,32,216,3,False,False,True,False,False,August,Weekday,0.37375,1.3837912309017721
2025-08-04,Breakfast,A,Rice,4.83,2.0,9.66,2025,8,4,Monday,32,216,3,False,False,False,True,False,August,Weekday,2.415,1.763017000362401
2025-08-04,Breakfast,C,Rice,1.03,2.0,2.06,2025,8,4,Monday,32,216,3,False,False,False,False,False,August,Weekday,0.515,0.708035793053696
2025-08-04,Breakfast,C,Soup,1.32,1.5,1.98,2025,8,4,Monday,32,216,3,False,False,False,False,False,August,Weekday,0.88,0.8415671856782186
2025-08-04,Lunch,C,Soup,4.52,1.5,6.779999999999999,2025,8,4,Monday,32,216,3,False,False,False,True,False,August,Weekday,3.013333333333333,1.7083778602890038
2025-08-04,Breakfast,A,Soup,1.08,1.5,1.62,2025,8,4,Monday,32,216,3,False,False,False,False,False,August,Weekday,0.7200000000000001,0.7323678937132266
2025-08-05,Breakfast,B,Vegetables,2.42,3.0,7.26,2025,8,5,Tuesday,32,217,3,False,False,False,False,False,August,Weekday,0.8066666666666666,1.2296405510745139
2025-08-05,Dinner,B,Meat,4.19,8.0,33.52,2025,8,5,Tuesday,32,217,3,False,False,True,True,True,August,Weekday,0.52375,1.6467336971777973
2025-08-05,Lunch,C,Rice,1.39,2.0,2.78,2025,8,5,Tuesday,32,217,3,False,False,False,False,False,August,Weekday,0.695,0.8712933659434192
2025-08-05,Lunch,A,Vegetables,3.62,3.0,10.86,2025,8,5,Tuesday,32,217,3,False,False,False,False,False,August,Weekday,1.2066666666666668,1.5303947050936475
2025-08-05,Breakfast,D,Rice,3.35,2.0,6.7,2025,8,5,Tuesday,32,217,3,False,False,False,False,False,August,Weekday,1.675,1.4701758451005928
2025-08-05,Lunch,A,Rice,4.17,2.0,8.34,2025,8,5,Tuesday,32,217,3,False,False,False,True,False,August,Weekday,2.085,1.6428726885203377
2025-08-05,Lunch,C,Vegetables,1.09,3.0,3.2700000000000005,2025,8,5,Tuesday,32,217,3,False,False,False,False,False,August,Weekday,0.36333333333333334,0.7371640659767197
2025-08-05,Breakfast,D,Vegetables,3.07,3.0,9.209999999999999,2025,8,5,Tuesday,32,217,3,False,False,False,False,False,August,Weekday,1.0233333333333332,1.4036429994545037
2025-08-05,Breakfast,B,Rice,1.96,2.0,3.92,2025,8,5,Tuesday,32,217,3,False,False,False,False,False,August,Weekday,0.98,1.085189268335969
2025-08-05,Breakfast,C,Vegetables,1.58,3.0,4.74,2025,8,5,Tuesday,32,217,3,False,False,False,False,False,August,Weekday,0.5266666666666667,0.9477893989335261
2025-08-05,Dinner,D,Meat,1.23,8.0,9.84,2025,8,5,Tuesday,32,217,3,False,False,False,False,False,August,Weekday,0.15375,0.8020015854720274
2025-08-05,Lunch,C,Meat,2.66,8.0,21.28,2025,8,5,Tuesday,32,217,3,False,False,False,False,False,August,Weekday,0.3325,1.297463147413275
2025-08-05,Lunch,D,Rice,1.55,2.0,3.1,2025,8,5,Tuesday,32,217,3,False,False,False,False,False,August,Weekday,0.775,0.9360933591703348
2025-08-05,Breakfast,B,Meat,2.78,8.0,22.24,2025,8,5,Tuesday,32,217,3,False,False,True,False,False,August,Weekday,0.3475,1.3297240096314962
2025-08-05,Lunch,C,Soup,3.55,1.5,5.324999999999999,2025,8,5,Tuesday,32,217,3,False,False,False,False,False,August,Weekday,2.3666666666666667,1.515127232962859
2025-08-05,Dinner,C,Vegetables,3.65,3.0,10.95,2025,8,5,Tuesday,32,217,3,False,False,False,False,False,August,Weekday,1.2166666666666666,1.536867219599265
2025-08-05,Dinner,D,Soup,1.55,1.5,2.325,2025,8,5,Tuesday,32,217,3,False,False,False,False,False,August,Weekday,1.0333333333333334,0.9360933591703348
2025-08-05,Breakfast,D,Meat,1.42,8.0,11.36,2025,8,5,Tuesday,32,217,3,False,False,False,False,False,August,Weekday,0.1775,0.8837675401685949
2025-08-05,Dinner,D,Rice,1.35,2.0,2.7,2025,8,5,Tuesday,32,217,3,False,False,False,False,False,August,Weekday,0.675,0.8544153281560676
2025-08-05,Dinner,B,Soup,0.83,1.5,1.2449999999999999,2025,8,5,Tuesday,32,217,3,False,False,False,False,False,August,Weekday,0.5533333333333333,0.6043159668533296
2025-08-05,Breakfast,C,Soup,3.34,1.5,5.01,2025,8,5,Tuesday,32,217,3,False,False,False,False,False,August,Weekday,2.2266666666666666,1.4678743481123135
2025-08-05,Breakfast,A,Meat,0.2,8.0,1.6,2025,8,5,Tuesday,32,217,3,False,False,False,False,False,August,Weekday,0.025,0.18232155679395462
2025-08-05,Dinner,A,Rice,4.67,2.0,9.34,2025,8,5,Tuesday,32,217,3,False,False,False,True,False,August,Weekday,2.335,1.7351891177396608
2025-08-05,Dinner,A,Meat,1.72,8.0,13.76,2025,8,5,Tuesday,32,217,3,False,False,False,False,False,August,Weekday,0.215,1.000631880307906
2025-08-05,Lunch,B,Soup,1.08,1.5,1.62,2025,8,5,Tuesday,32,217,3,False,False,False,False,False,August,Weekday,0.7200000000000001,0.7323678937132266
2025-08-05,Lunch,D,Soup,1.12,1.5,1.6800000000000002,2025,8,5,Tuesday,32,217,3,False,False,False,False,False,August,Weekday,0.7466666666666667,0.7514160886839212
2025-08-05,Breakfast,C,Meat,3.19,8.0,25.52,2025,8,5,Tuesday,32,217,3,False,False,True,False,False,August,Weekday,0.39875,1.4327007339340463
2025-08-05,Dinner,B,Rice,4.54,2.0,9.08,2025,8,5,Tuesday,32,217,3,False,False,False,True,False,August,Weekday,2.27,1.7119945007591926
2025-08-05,Lunch,A,Soup,0.68,1.5,1.02,2025,8,5,Tuesday,32,217,3,False,False,False,False,False,August,Weekday,0.45333333333333337,0.5187937934151676
2025-08-05,Dinner,C,Soup,0.6,1.5,0.8999999999999999,2025,8,5,Tuesday,32,217,3,False,False,False,False,False,August,Weekday,0.39999999999999997,0.4700036292457356
2025-08-05,Lunch,A,Meat,0.61,8.0,4.88,2025,8,5,Tuesday,32,217,3,False,False,False,False,False,August,Weekday,0.07625,0.4762341789963716
2025-08-05,Breakfast,B,Soup,0.85,1.5,1.275,2025,8,5,Tuesday,32,217,3,False,False,False,False,False,August,Weekday,0.5666666666666667,0.6151856390902335
2025-08-05,Dinner,A,Vegetables,0.11,3.0,0.33,2025,8,5,Tuesday,32,217,3,False,False,False,False,False,August,Weekday,0.03666666666666667,0.10436001532424277
2025-08-05,Dinner,D,Vegetables,4.94,3.0,14.82,2025,8,5,Tuesday,32,217,3,False,False,False,True,False,August,Weekday,1.6466666666666667,1.7817091333745536
2025-08-05,Dinner,C,Meat,2.61,8.0,20.88,2025,8,5,Tuesday,32,217,3,False,False,False,False,False,August,Weekday,0.32625,1.2837077723447896
2025-08-05,Lunch,B,Meat,0.62,8.0,4.96,2025,8,5,Tuesday,32,217,3,False,False,False,False,False,August,Weekday,0.0775,0.4824261492442927
2025-08-05,Lunch,D,Meat,0.29,8.0,2.32,2025,8,5,Tuesday,32,217,3,False,False,False,False,False,August,Weekday,0.03625,0.2546422183735807
2025-08-05,Breakfast,A,Soup,2.14,1.5,3.21,2025,8,5,Tuesday,32,217,3,False,False,False,False,False,August,Weekday,1.4266666666666667,1.144222799920162
2025-08-05,Dinner,B,Vegetables,3.38,3.0,10.14,2025,8,5,Tuesday,32,217,3,False,False,False,False,False,August,Weekday,1.1266666666666667,1.4770487243883548
2025-08-05,Breakfast,D,Soup,0.77,1.5,1.155,2025,8,5,Tuesday,32,217,3,False,False,False,False,False,August,Weekday,0.5133333333333333,0.5709795465857378
2025-08-05,Lunch,B,Vegetables,1.07,3.0,3.21,2025,8,5,Tuesday,32,217,3,False,False,False,False,False,August,Weekday,0.3566666666666667,0.7275486072772778
2025-08-05,Breakfast,A,Vegetables,3.48,3.0,10.44,2025,8,5,Tuesday,32,217,3,False,False,False,False,False,August,Weekday,1.16,1.4996230464268938
2025-08-06,Dinner,B,Vegetables,0.99,3.0,2.9699999999999998,2025,8,6,Wednesday,32,218,3,False,False,False,False,False,August,Weekday,0.33,0.688134638736401
2025-08-06,Breakfast,C,Meat,3.82,8.0,30.56,2025,8,6,Wednesday,32,218,3,False,False,True,False,True,August,Weekday,0.4775,1.5727739280625088
2025-08-06,Breakfast,A,Meat,0.59,8.0,4.72,2025,8,6,Wednesday,32,218,3,False,False,False,False,False,August,Weekday,0.07375,0.46373401623214017
2025-08-06,Dinner,A,Meat,0.88,8.0,7.04,2025,8,6,Wednesday,32,218,3,False,False,False,False,False,August,Weekday,0.11,0.6312717768418579
2025-08-06,Dinner,A,Rice,4.72,2.0,9.44,2025,8,6,Wednesday,32,218,3,False,False,False,True,False,August,Weekday,2.36,1.7439688053917064
2025-08-06,Dinner,D,Soup,0.65,1.5,0.9750000000000001,2025,8,6,Wednesday,32,218,3,False,False,False,False,False,August,Weekday,0.43333333333333335,0.5007752879124893
2025-08-06,Breakfast,D,Meat,0.94,8.0,7.52,2025,8,6,Wednesday,32,218,3,False,False,False,False,False,August,Weekday,0.1175,0.6626879730752367
2025-08-06,Lunch,B,Soup,1.43,1.5,2.145,2025,8,6,Wednesday,32,218,3,False,False,False,False,False,August,Weekday,0.9533333333333333,0.8878912573524571
2025-08-06,Breakfast,A,Rice,2.37,2.0,4.74,2025,8,6,Wednesday,32,218,3,False,False,False,False,False,August,Weekday,1.185,1.2149127443642704
2025-08-06,Dinner,B,Meat,3.42,8.0,27.36,2025,8,6,Wednesday,32,218,3,False,False,True,False,False,August,Weekday,0.4275,1.4861396960896067
2025-08-06,Lunch,D,Soup,0.39,1.5,0.585,2025,8,6,Wednesday,32,218,3,False,False,False,False,False,August,Weekday,0.26,0.3293037471426004
2025-08-06,Breakfast,C,Vegetables,0.32,3.0,0.96,2025,8,6,Wednesday,32,218,3,False,False,False,False,False,August,Weekday,0.10666666666666667,0.2776317365982795
2025-08-06,Dinner,B,Soup,1.96,1.5,2.94,2025,8,6,Wednesday,32,218,3,False,False,False,False,False,August,Weekday,1.3066666666666666,1.085189268335969
2025-08-06,Lunch,D,Rice,4.0,2.0,8.0,2025,8,6,Wednesday,32,218,3,False,False,False,False,False,August,Weekday,2.0,1.6094379124341003
2025-08-06,Breakfast,D,Soup,2.24,1.5,3.3600000000000003,2025,8,6,Wednesday,32,218,3,False,False,False,False,False,August,Weekday,1.4933333333333334,1.1755733298042381
2025-08-06,Lunch,B,Meat,2.06,8.0,16.48,2025,8,6,Wednesday,32,218,3,False,False,False,False,False,August,Weekday,0.2575,1.1184149159642893
2025-08-06,Lunch,D,Meat,0.65,8.0,5.2,2025,8,6,Wednesday,32,218,3,False,False,False,False,False,August,Weekday,0.08125,0.5007752879124893
2025-08-06,Dinner,C,Vegetables,3.45,3.0,10.350000000000001,2025,8,6,Wednesday,32,218,3,False,False,False,False,False,August,Weekday,1.1500000000000001,1.4929040961781488
2025-08-06,Breakfast,D,Rice,3.35,2.0,6.7,2025,8,6,Wednesday,32,218,3,False,False,False,False,False,August,Weekday,1.675,1.4701758451005928
2025-08-06,Lunch,B,Rice,1.0,2.0,2.0,2025,8,6,Wednesday,32,218,3,False,False,False,False,False,August,Weekday,0.5,0.6931471805599453
2025-08-06,Lunch,C,Rice,1.99,2.0,3.98,2025,8,6,Wednesday,32,218,3,False,False,False,False,False,August,Weekday,0.995,1.095273387402595
2025-08-06,Dinner,A,Vegetables,2.14,3.0,6.42,2025,8,6,Wednesday,32,218,3,False,False,False,False,False,August,Weekday,0.7133333333333334,1.144222799920162
2025-08-06,Lunch,C,Vegetables,4.02,3.0,12.059999999999999,2025,8,6,Wednesday,32,218,3,False,False,False,True,False,August,Weekday,1.3399999999999999,1.6134299337036377
2025-08-06,Dinner,A,Soup,2.99,1.5,4.485,2025,8,6,Wednesday,32,218,3,False,False,False,False,False,August,Weekday,1.9933333333333334,1.3837912309017721
2025-08-06,Breakfast,C,Rice,0.57,2.0,1.14,2025,8,6,Wednesday,32,218,3,False,False,False,False,False,August,Weekday,0.285,0.4510756193602167
2025-08-06,Breakfast,D,Vegetables,1.85,3.0,5.550000000000001,2025,8,6,Wednesday,32,218,3,False,False,False,False,False,August,Weekday,0.6166666666666667,1.0473189942805592
2025-08-06,Breakfast,A,Soup,0.29,1.5,0.43499999999999994,2025,8,6,Wednesday,32,218,3,False,False,False,False,False,August,Weekday,0.19333333333333333,0.2546422183735807
2025-08-06,Dinner,D,Meat,0.74,8.0,5.92,2025,8,6,Wednesday,32,218,3,False,False,False,False,False,August,Weekday,0.0925,0.5538851132264376
2025-08-06,Lunch,A,Meat,4.4,8.0,35.2,2025,8,6,Wednesday,32,218,3,False,False,True,True,True,August,Weekday,0.55,1.6863989535702286
2025-08-06,Breakfast,C,Soup,4.27,1.5,6.404999999999999,2025,8,6,Wednesday,32,218,3,False,False,False,True,False,August,Weekday,2.8466666666666662,1.6620303625532709
2025-08-06,Lunch,A,Rice,3.15,2.0,6.3,2025,8,6,Wednesday,32,218,3,False,False,False,False,False,August,Weekday,1.575,1.423108334242607
2025-08-06,Breakfast,B,Vegetables,1.63,3.0,4.89,2025,8,6,Wednesday,32,218,3,False,False,False,False,False,August,Weekday,0.5433333333333333,0.9669838461896731
2025-08-06,Dinner,D,Rice,4.87,2.0,9.74,2025,8,6,Wednesday,32,218,3,False,False,False,True,False,August,Weekday,2.435,1.769854633840005
2025-08-06,Lunch,C,Soup,3.28,1.5,4.92,2025,8,6,Wednesday,32,218,3,False,False,False,False,False,August,Weekday,2.1866666666666665,1.4539530095937054
2025-08-06,Dinner,C,Rice,1.86,2.0,3.72,2025,8,6,Wednesday,32,218,3,False,False,False,False,False,August,Weekday,0.93,1.0508216248317612
2025-08-06,Lunch,A,Vegetables,0.56,3.0,1.6800000000000002,2025,8,6,Wednesday,32,218,3,False,False,False,False,False,August,Weekday,0.18666666666666668,0.44468582126144574
2025-08-06,Lunch,D,Vegetables,3.51,3.0,10.53,2025,8,6,Wednesday,32,218,3,False,False,False,False,False,August,Weekday,1.17,1.5062971535145868
2025-08-06,Dinner,B,Rice,4.03,2.0,8.06,2025,8,6,Wednesday,32,218,3,False,False,False,True,False,August,Weekday,2.015,1.6154199841116479
2025-08-06,Breakfast,B,Rice,1.52,2.0,3.04,2025,8,6,Wednesday,32,218,3,False,False,False,False,False,August,Weekday,0.76,0.924258901523332
2025-08-07,Breakfast,D,Rice,2.66,2.0,5.32,2025,8,7,Thursday,32,219,3,False,False,False,False,False,August,Weekday,1.33,1.297463147413275
2025-08-07,Breakfast,C,Rice,2.87,2.0,5.74,2025,8,7,Thursday,32,219,3,False,False,False,False,False,August,Weekday,1.435,1.3532545070416904
2025-08-07,Breakfast,D,Soup,3.34,1.5,5.01,2025,8,7,Thursday,32,219,3,False,False,False,False,False,August,Weekday,2.2266666666666666,1.4678743481123135
2025-08-07,Breakfast,C,Vegetables,3.38,3.0,10.14,2025,8,7,Thursday,32,219,3,False,False,False,False,False,August,Weekday,1.1266666666666667,1.4770487243883548
2025-08-07,Lunch,C,Soup,4.27,1.5,6.404999999999999,2025,8,7,Thursday,32,219,3,False,False,False,True,False,August,Weekday,2.8466666666666662,1.6620303625532709
2025-08-07,Breakfast,A,Vegetables,1.38,3.0,4.14,2025,8,7,Thursday,32,219,3,False,False,False,False,False,August,Weekday,0.45999999999999996,0.8671004876833832
2025-08-07,Dinner,C,Soup,0.68,1.5,1.02,2025,8,7,Thursday,32,219,3,False,False,False,False,False,August,Weekday,0.45333333333333337,0.5187937934151676
2025-08-07,Dinner,D,Soup,2.12,1.5,3.18,2025,8,7,Thursday,32,219,3,False,False,False,False,False,August,Weekday,1.4133333333333333,1.1378330018213911
2025-08-07,Breakfast,B,Vegetables,3.86,3.0,11.58,2025,8,7,Thursday,32,219,3,False,False,False,False,False,August,Weekday,1.2866666666666666,1.5810384379124023
2025-08-07,Lunch,B,Rice,4.21,2.0,8.42,2025,8,7,Thursday,32,219,3,False,False,False,True,False,August,Weekday,2.105,1.6505798557652755
2025-08-07,Breakfast,D,Vegetables,0.57,3.0,1.71,2025,8,7,Thursday,32,219,3,False,False,False,False,False,August,Weekday,0.18999999999999997,0.4510756193602167
2025-08-07,Breakfast,A,Meat,0.33,8.0,2.64,2025,8,7,Thursday,32,219,3,False,False,False,False,False,August,Weekday,0.04125,0.2851789422336624
2025-08-07,Breakfast,C,Meat,4.89,8.0,39.12,2025,8,7,Thursday,32,219,3,False,False,True,True,True,August,Weekday,0.61125,1.7732559976634952
2025-08-07,Dinner,D,Rice,2.54,2.0,5.08,2025,8,7,Thursday,32,219,3,False,False,False,False,False,August,Weekday,1.27,1.264126727145683
2025-08-07,Lunch,B,Meat,2.84,8.0,22.72,2025,8,7,Thursday,32,219,3,False,False,True,False,False,August,Weekday,0.355,1.3454723665996355
2025-08-07,Dinner,B,Soup,4.03,1.5,6.045,2025,8,7,Thursday,32,219,3,False,False,False,True,False,August,Weekday,2.686666666666667,1.6154199841116479
2025-08-07,Lunch,A,Soup,1.99,1.5,2.985,2025,8,7,Thursday,32,219,3,False,False,False,False,False,August,Weekday,1.3266666666666667,1.095273387402595
2025-08-07,Lunch,D,Vegetables,2.51,3.0,7.529999999999999,2025,8,7,Thursday,32,219,3,False,False,False,False,False,August,Weekday,0.8366666666666666,1.2556160374777745
2025-08-07,Breakfast,B,Soup,2.93,1.5,4.3950000000000005,2025,8,7,Thursday,32,219,3,False,False,False,False,False,August,Weekday,1.9533333333333334,1.3686394258811698
2025-08-07,Lunch,D,Meat,0.47,8.0,3.76,2025,8,7,Thursday,32,219,3,False,False,False,False,False,August,Weekday,0.05875,0.3852624007906449
2025-08-07,Breakfast,D,Meat,3.53,8.0,28.24,2025,8,7,Thursday,32,219,3,False,False,True,False,False,August,Weekday,0.44125,1.5107219394949427
2025-08-07,Lunch,A,Rice,1.32,2.0,2.64,2025,8,7,Thursday,32,219,3,False,False,False,False,False,August,Weekday,0.66,0.8415671856782186
2025-08-07,Breakfast,A,Soup,1.64,1.5,2.46,2025,8,7,Thursday,32,219,3,False,False,False,False,False,August,Weekday,1.0933333333333333,0.9707789171582247
2025-08-07,Dinner,D,Vegetables,0.6,3.0,1.7999999999999998,2025,8,7,Thursday,32,219,3,False,False,False,False,False,August,Weekday,0.19999999999999998,0.4700036292457356
2025-08-07,Lunch,A,Vegetables,3.41,3.0,10.23,2025,8,7,Thursday,32,219,3,False,False,False,False,False,August,Weekday,1.1366666666666667,1.4838746894587547
2025-08-07,Lunch,C,Vegetables,4.26,3.0,12.78,2025,8,7,Thursday,32,219,3,False,False,False,True,False,August,Weekday,1.42,1.6601310267496183
2025-08-07,Dinner,D,Meat,3.3,8.0,26.4,2025,8,7,Thursday,32,219,3,False,False,True,False,False,August,Weekday,0.4125,1.4586150226995167
2025-08-07,Breakfast,B,Meat,3.42,8.0,27.36,2025,8,7,Thursday,32,219,3,False,False,True,False,False,August,Weekday,0.4275,1.4861396960896067
2025-08-07,Breakfast,A,Rice,2.12,2.0,4.24,2025,8,7,Thursday,32,219,3,False,False,False,False,False,August,Weekday,1.06,1.1378330018213911
2025-08-07,Dinner,A,Rice,4.85,2.0,9.7,2025,8,7,Thursday,32,219,3,False,False,False,True,False,August,Weekday,2.425,1.766441661243765
2025-08-07,Lunch,C,Rice,3.25,2.0,6.5,2025,8,7,Thursday,32,219,3,False,False,False,False,False,August,Weekday,1.625,1.4469189829363254
2025-08-07,Lunch,B,Vegetables,4.94,3.0,14.82,2025,8,7,Thursday,32,219,3,False,False,False,True,False,August,Weekday,1.6466666666666667,1.7817091333745536
2025-08-07,Breakfast,B,Rice,3.55,2.0,7.1,2025,8,7,Thursday,32,219,3,False,False,False,False,False,August,Weekday,1.775,1.515127232962859
2025-08-07,Lunch,B,Soup,0.37,1.5,0.5549999999999999,2025,8,7,Thursday,32,219,3,False,False,False,False,False,August,Weekday,0.24666666666666667,0.31481073984003355
2025-08-07,Dinner,A,Vegetables,1.19,3.0,3.57,2025,8,7,Thursday,32,219,3,False,False,False,False,False,August,Weekday,0.39666666666666667,0.7839015438284094
2025-08-07,Dinner,C,Rice,2.3,2.0,4.6,2025,8,7,Thursday,32,219,3,False,False,False,False,False,August,Weekday,1.15,1.1939224684724346
2025-08-07,Dinner,A,Soup,3.25,1.5,4.875,2025,8,7,Thursday,32,219,3,False,False,False,False,False,August,Weekday,2.1666666666666665,1.4469189829363254
2025-08-07,Dinner,B,Rice,2.08,2.0,4.16,2025,8,7,Thursday,32,219,3,False,False,False,False,False,August,Weekday,1.04,1.1249295969854831
2025-08-07,Dinner,B,Vegetables,2.35,3.0,7.050000000000001,2025,8,7,Thursday,32,219,3,False,False,False,False,False,August,Weekday,0.7833333333333333,1.208960345836975
2025-08-07,Dinner,A,Meat,0.35,8.0,2.8,2025,8,7,Thursday,32,219,3,False,False,False,False,False,August,Weekday,0.04375,0.30010459245033805
2025-08-08,Breakfast,C,Vegetables,1.88,3.0,5.64,2025,8,8,Friday,32,220,3,False,False,False,False,False,August,Weekday,0.6266666666666666,1.0577902941478545
2025-08-08,Breakfast,C,Meat,4.76,8.0,38.08,2025,8,8,Friday,32,220,3,False,False,True,True,True,August,Weekday,0.595,1.7509374747077997
2025-08-08,Lunch,B,Meat,1.19,8.0,9.52,2025,8,8,Friday,32,220,3,False,False,False,False,False,August,Weekday,0.14875,0.7839015438284094
2025-08-08,Dinner,D,Rice,4.2,2.0,8.4,2025,8,8,Friday,32,220,3,False,False,False,True,False,August,Weekday,2.1,1.6486586255873816
2025-08-08,Lunch,B,Vegetables,1.77,3.0,5.3100000000000005,2025,8,8,Friday,32,220,3,False,False,False,False,False,August,Weekday,0.59,1.0188473201992472
2025-08-08,Breakfast,A,Vegetables,0.55,3.0,1.6500000000000001,2025,8,8,Friday,32,220,3,False,False,False,False,False,August,Weekday,0.18333333333333335,0.4382549309311553
2025-08-08,Lunch,C,Rice,4.83,2.0,9.66,2025,8,8,Friday,32,220,3,False,False,False,True,False,August,Weekday,2.415,1.763017000362401
2025-08-08,Dinner,A,Vegetables,3.09,3.0,9.27,2025,8,8,Friday,32,220,3,False,False,False,False,False,August,Weekday,1.03,1.4085449700547104
2025-08-08,Lunch,D,Soup,3.61,1.5,5.415,2025,8,8,Friday,32,220,3,False,False,False,False,False,August,Weekday,2.4066666666666667,1.5282278570085572
2025-08-08,Dinner,B,Soup,3.93,1.5,5.8950000000000005,2025,8,8,Friday,32,220,3,False,False,False,False,False,August,Weekday,2.62,1.5953389880545987
2025-08-08,Dinner,C,Meat,0.63,8.0,5.04,2025,8,8,Friday,32,220,3,False,False,False,False,False,August,Weekday,0.07875,0.48858001481867097
2025-08-08,Lunch,B,Rice,3.82,2.0,7.64,2025,8,8,Friday,32,220,3,False,False,False,False,False,August,Weekday,1.91,1.5727739280625088
2025-08-08,Breakfast,D,Soup,3.14,1.5,4.71,2025,8,8,Friday,32,220,3,False,False,False,False,False,August,Weekday,2.0933333333333333,1.420695787837223
2025-08-08,Breakfast,D,Meat,2.33,8.0,18.64,2025,8,8,Friday,32,220,3,False,False,False,False,False,August,Weekday,0.29125,1.2029723039923526
2025-08-08,Dinner,A,Meat,0.62,8.0,4.96,2025,8,8,Friday,32,220,3,False,False,False,False,False,August,Weekday,0.0775,0.4824261492442927
2025-08-08,Breakfast,A,Rice,2.83,2.0,5.66,2025,8,8,Friday,32,220,3,False,False,False,False,False,August,Weekday,1.415,1.3428648031925547
2025-08-08,Breakfast,B,Soup,1.11,1.5,1.665,2025,8,8,Friday,32,220,3,False,False,False,False,False,August,Weekday,0.7400000000000001,0.7466879474879752
2025-08-08,Lunch,D,Vegetables,0.79,3.0,2.37,2025,8,8,Friday,32,220,3,False,False,False,False,False,August,Weekday,0.26333333333333336,0.5822156198526637
2025-08-08,Dinner,D,Soup,2.31,1.5,3.465,2025,8,8,Friday,32,220,3,False,False,False,False,False,August,Weekday,1.54,1.1969481893889715
2025-08-08,Dinner,B,Vegetables,2.34,3.0,7.02,2025,8,8,Friday,32,220,3,False,False,False,False,False,August,Weekday,0.7799999999999999,1.205970806988609
2025-08-08,Lunch,C,Vegetables,2.66,3.0,7.98,2025,8,8,Friday,32,220,3,False,False,False,False,False,August,Weekday,0.8866666666666667,1.297463147413275
2025-08-08,Breakfast,C,Rice,3.39,2.0,6.78,2025,8,8,Friday,32,220,3,False,False,False,False,False,August,Weekday,1.695,1.47932922708708
2025-08-08,Dinner,D,Vegetables,3.88,3.0,11.64,2025,8,8,Friday,32,220,3,False,False,False,False,False,August,Weekday,1.2933333333333332,1.5851452198650557
2025-08-08,Lunch,A,Rice,2.42,2.0,4.84,2025,8,8,Friday,32,220,3,False,False,False,False,False,August,Weekday,1.21,1.2296405510745139
2025-08-08,Lunch,A,Meat,3.32,8.0,26.56,2025,8,8,Friday,32,220,3,False,False,True,False,False,August,Weekday,0.415,1.463255402256019
2025-08-08,Dinner,B,Rice,4.66,2.0,9.32,2025,8,8,Friday,32,220,3,False,False,False,True,False,August,Weekday,2.33,1.7334238922150915
2025-08-08,Lunch,A,Soup,0.66,1.5,0.99,2025,8,8,Friday,32,220,3,False,False,False,False,False,August,Weekday,0.44,0.5068176023684519
2025-08-08,Breakfast,A,Soup,3.06,1.5,4.59,2025,8,8,Friday,32,220,3,False,False,False,False,False,August,Weekday,2.04,1.4011829736136412
2025-08-08,Breakfast,B,Rice,3.13,2.0,6.26,2025,8,8,Friday,32,220,3,False,False,False,False,False,August,Weekday,1.565,1.4182774069729414
2025-08-08,Lunch,B,Soup,4.17,1.5,6.255,2025,8,8,Friday,32,220,3,False,False,False,True,False,August,Weekday,2.78,1.6428726885203377
2025-08-08,Lunch,C,Soup,3.54,1.5,5.3100000000000005,2025,8,8,Friday,32,220,3,False,False,False,False,False,August,Weekday,2.36,1.5129270120532565
2025-08-08,Breakfast,C,Soup,0.37,1.5,0.5549999999999999,2025,8,8,Friday,32,220,3,False,False,False,False,False,August,Weekday,0.24666666666666667,0.31481073984003355
2025-08-08,Dinner,A,Rice,3.64,2.0,7.28,2025,8,8,Friday,32,220,3,False,False,False,False,False,August,Weekday,1.82,1.534714366238164
2025-08-08,Dinner,C,Vegetables,2.13,3.0,6.39,2025,8,8,Friday,32,220,3,False,False,False,False,False,August,Weekday,0.71,1.1410330045520618
2025-08-08,Breakfast,D,Rice,1.19,2.0,2.38,2025,8,8,Friday,32,220,3,False,False,False,False,False,August,Weekday,0.595,0.7839015438284094
2025-08-08,Lunch,A,Vegetables,3.61,3.0,10.83,2025,8,8,Friday,32,220,3,False,False,False,False,False,August,Weekday,1.2033333333333334,1.5282278570085572
2025-08-08,Breakfast,A,Meat,0.1,8.0,0.8,2025,8,8,Friday,32,220,3,False,False,False,False,False,August,Weekday,0.0125,0.09531017980432487
2025-08-08,Dinner,C,Soup,4.64,1.5,6.959999999999999,2025,8,8,Friday,32,220,3,False,False,False,True,False,August,Weekday,3.0933333333333333,1.7298840655099674
2025-08-08,Lunch,D,Rice,0.32,2.0,0.64,2025,8,8,Friday,32,220,3,False,False,False,False,False,August,Weekday,0.16,0.2776317365982795
2025-08-08,Dinner,B,Meat,2.03,8.0,16.24,2025,8,8,Friday,32,220,3,False,False,False,False,False,August,Weekday,0.25375,1.1085626195212777
2025-08-09,Lunch,C,Soup,0.75,1.5,1.125,2025,8,9,Saturday,32,221,3,True,False,False,False,False,August,Weekend,0.5,0.5596157879354227
2025-08-09,Breakfast,A,Rice,3.33,2.0,6.66,2025,8,9,Saturday,32,221,3,True,False,False,False,False,August,Weekend,1.665,1.4655675420143985
2025-08-09,Lunch,D,Soup,1.56,1.5,2.34,2025,8,9,Saturday,32,221,3,True,False,False,False,False,August,Weekend,1.04,0.9400072584914712
2025-08-09,Dinner,B,Meat,1.08,8.0,8.64,2025,8,9,Saturday,32,221,3,True,False,False,False,False,August,Weekend,0.135,0.7323678937132266
2025-08-09,Dinner,C,Vegetables,4.91,3.0,14.73,2025,8,9,Saturday,32,221,3,True,False,False,True,False,August,Weekend,1.6366666666666667,1.776645831418007
2025-08-09,Lunch,D,Vegetables,3.77,3.0,11.31,2025,8,9,Saturday,32,221,3,True,False,False,False,False,August,Weekend,1.2566666666666666,1.5623463049002497
2025-08-09,Breakfast,A,Soup,2.54,1.5,3.81,2025,8,9,Saturday,32,221,3,True,False,False,False,False,August,Weekend,1.6933333333333334,1.264126727145683
2025-08-09,Breakfast,B,Rice,2.7,2.0,5.4,2025,8,9,Saturday,32,221,3,True,False,False,False,False,August,Weekend,1.35,1.308332819650179
2025-08-09,Lunch,A,Vegetables,2.57,3.0,7.709999999999999,2025,8,9,Saturday,32,221,3,True,False,False,False,False,August,Weekend,0.8566666666666666,1.2725655957915476
2025-08-09,Dinner,D,Vegetables,3.5,3.0,10.5,2025,8,9,Saturday,32,221,3,True,False,False,False,False,August,Weekend,1.1666666666666667,1.5040773967762742
2025-08-09,Dinner,D,Rice,4.8,2.0,9.6,2025,8,9,Saturday,32,221,3,True,False,False,True,False,August,Weekend,2.4,1.7578579175523736
2025-08-09,Breakfast,B,Soup,4.21,1.5,6.3149999999999995,2025,8,9,Saturday,32,221,3,True,False,False,True,False,August,Weekend,2.8066666666666666,1.6505798557652755
2025-08-09,Dinner,C,Meat,3.39,8.0,27.12,2025,8,9,Saturday,32,221,3,True,False,True,False,False,August,Weekend,0.42375,1.47932922708708
2025-08-09,Lunch,A,Rice,3.04,2.0,6.08,2025,8,9,Saturday,32,221,3,True,False,False,False,False,August,Weekend,1.52,1.3962446919730587
2025-08-09,Dinner,A,Meat,4.32,8.0,34.56,2025,8,9,Saturday,32,221,3,True,False,True,True,True,August,Weekend,0.54,1.6714733033535532
2025-08-09,Dinner,A,Rice,3.54,2.0,7.08,2025,8,9,Saturday,32,221,3,True,False,False,False,False,August,Weekend,1.77,1.5129270120532565
2025-08-09,Dinner,D,Meat,2.57,8.0,20.56,2025,8,9,Saturday,32,221,3,True,False,False,False,False,August,Weekend,0.32125,1.2725655957915476
2025-08-09,Lunch,C,Meat,4.86,8.0,38.88,2025,8,9,Saturday,32,221,3,True,False,True,True,True,August,Weekend,0.6075,1.7681496035889213
2025-08-09,Dinner,A,Vegetables,3.59,3.0,10.77,2025,8,9,Saturday,32,221,3,True,False,False,False,False,August,Weekend,1.1966666666666665,1.5238800240724537
2025-08-09,Breakfast,A,Meat,4.79,8.0,38.32,2025,8,9,Saturday,32,221,3,True,False,True,True,True,August,Weekend,0.59875,1.7561322915849038
2025-08-09,Lunch,C,Vegetables,2.32,3.0,6.959999999999999,2025,8,9,Saturday,32,221,3,True,False,False,False,False,August,Weekend,0.7733333333333333,1.199964782928397
2025-08-09,Lunch,A,Soup,1.98,1.5,2.9699999999999998,2025,8,9,Saturday,32,221,3,True,False,False,False,False,August,Weekend,1.32,1.091923300517313
2025-08-09,Breakfast,B,Vegetables,4.68,3.0,14.04,2025,8,9,Saturday,32,221,3,True,False,False,True,False,August,Weekend,1.5599999999999998,1.7369512327330598
2025-08-09,Lunch,D,Rice,2.12,2.0,4.24,2025,8,9,Saturday,32,221,3,True,False,False,False,False,August,Weekend,1.06,1.1378330018213911
2025-08-09,Dinner,B,Soup,1.52,1.5,2.2800000000000002,2025,8,9,Saturday,32,221,3,True,False,False,False,False,August,Weekend,1.0133333333333334,0.924258901523332
2025-08-09,Lunch,B,Vegetables,3.84,3.0,11.52,2025,8,9,Saturday,32,221,3,True,False,False,False,False,August,Weekend,1.28,1.5769147207285403
2025-08-09,Breakfast,C,Meat,2.59,8.0,20.72,2025,8,9,Saturday,32,221,3,True,False,False,False,False,August,Weekend,0.32375,1.2781522025001875
2025-08-09,Dinner,B,Rice,3.2,2.0,6.4,2025,8,9,Saturday,32,221,3,True,False,False,False,False,August,Weekend,1.6,1.4350845252893227
2025-08-09,Lunch,D,Meat,3.53,8.0,28.24,2025,8,9,Saturday,32,221,3,True,False,True,False,False,August,Weekend,0.44125,1.5107219394949427
2025-08-09,Breakfast,C,Vegetables,4.61,3.0,13.830000000000002,2025,8,9,Saturday,32,221,3,True,False,False,True,False,August,Weekend,1.5366666666666668,1.724550719534605
2025-08-09,Dinner,C,Rice,1.79,2.0,3.58,2025,8,9,Saturday,32,221,3,True,False,False,False,False,August,Weekend,0.895,1.0260415958332743
2025-08-09,Lunch,C,Rice,4.82,2.0,9.64,2025,8,9,Saturday,32,221,3,True,False,False,True,False,August,Weekend,2.41,1.7613002617433464
2025-08-09,Dinner,B,Vegetables,3.16,3.0,9.48,2025,8,9,Saturday,32,221,3,True,False,False,False,False,August,Weekend,1.0533333333333335,1.425515074273172
2025-08-09,Breakfast,D,Meat,3.68,8.0,29.44,2025,8,9,Saturday,32,221,3,True,False,True,False,False,August,Weekend,0.46,1.5432981099295553
2025-08-09,Breakfast,B,Meat,0.34,8.0,2.72,2025,8,9,Saturday,32,221,3,True,False,False,False,False,August,Weekend,0.0425,0.29266961396282
2025-08-09,Breakfast,C,Soup,0.97,1.5,1.455,2025,8,9,Saturday,32,221,3,True,False,False,False,False,August,Weekend,0.6466666666666666,0.6780335427498971
2025-08-09,Breakfast,D,Soup,2.0,1.5,3.0,2025,8,9,Saturday,32,221,3,True,False,False,False,False,August,Weekend,1.3333333333333333,1.0986122886681096
2025-08-09,Breakfast,A,Vegetables,0.76,3.0,2.2800000000000002,2025,8,9,Saturday,32,221,3,True,False,False,False,False,August,Weekend,0.25333333333333335,0.5653138090500605
2025-08-09,Breakfast,C,Rice,2.47,2.0,4.94,2025,8,9,Saturday,32,221,3,True,False,False,False,False,August,Weekend,1.235,1.244154593958768
2025-08-10,Lunch,B,Meat,3.48,8.0,27.84,2025,8,10,Sunday,32,222,3,True,False,True,False,False,August,Weekend,0.435,1.4996230464268938
2025-08-10,Lunch,D,Vegetables,3.74,3.0,11.22,2025,8,10,Sunday,32,222,3,True,False,False,False,False,August,Weekend,1.2466666666666668,1.556037135706985
2025-08-10,Lunch,D,Soup,2.85,1.5,4.275,2025,8,10,Sunday,32,222,3,True,False,False,False,False,August,Weekend,1.9000000000000001,1.3480731482996928
2025-08-10,Lunch,C,Soup,4.35,1.5,6.5249999999999995,2025,8,10,Sunday,32,222,3,True,False,False,True,False,August,Weekend,2.9,1.6770965609079151
2025-08-10,Breakfast,A,Vegetables,2.45,3.0,7.3500000000000005,2025,8,10,Sunday,32,222,3,True,False,False,False,False,August,Weekend,0.8166666666666668,1.2383742310432684
2025-08-10,Dinner,D,Soup,4.36,1.5,6.540000000000001,2025,8,10,Sunday,32,222,3,True,False,False,True,False,August,Weekend,2.9066666666666667,1.6789639750827106
2025-08-10,Dinner,A,Rice,1.26,2.0,2.52,2025,8,10,Sunday,32,222,3,True,False,False,False,False,August,Weekend,0.63,0.8153648132841945
2025-08-10,Breakfast,C,Soup,2.66,1.5,3.99,2025,8,10,Sunday,32,222,3,True,False,False,False,False,August,Weekend,1.7733333333333334,1.297463147413275
2025-08-10,Lunch,A,Vegetables,1.5,3.0,4.5,2025,8,10,Sunday,32,222,3,True,False,False,False,False,August,Weekend,0.5,0.9162907318741551
2025-08-10,Dinner,B,Soup,4.79,1.5,7.1850000000000005,2025,8,10,Sunday,32,222,3,True,False,False,True,False,August,Weekend,3.1933333333333334,1.7561322915849038
2025-08-10,Lunch,B,Soup,3.79,1.5,5.6850000000000005,2025,8,10,Sunday,32,222,3,True,False,False,False,False,August,Weekend,2.526666666666667,1.5665304114228238
2025-08-10,Breakfast,A,Meat,1.83,8.0,14.64,2025,8,10,Sunday,32,222,3,True,False,False,False,False,August,Weekend,0.22875,1.0402767116551463
2025-08-10,Breakfast,B,Soup,4.22,1.5,6.33,2025,8,10,Sunday,32,222,3,True,False,False,True,False,August,Weekend,2.813333333333333,1.6524974018945473
2025-08-10,Lunch,C,Vegetables,0.6,3.0,1.7999999999999998,2025,8,10,Sunday,32,222,3,True,False,False,False,False,August,Weekend,0.19999999999999998,0.4700036292457356
2025-08-10,Dinner,C,Soup,0.16,1.5,0.24,2025,8,10,Sunday,32,222,3,True,False,False,False,False,August,Weekend,0.10666666666666667,0.14842000511827327
2025-08-10,Lunch,A,Soup,1.33,1.5,1.995,2025,8,10,Sunday,32,222,3,True,False,False,False,False,August,Weekend,0.8866666666666667,0.8458682675776092
2025-08-10,Dinner,B,Vegetables,2.0,3.0,6.0,2025,8,10,Sunday,32,222,3,True,False,False,False,False,August,Weekend,0.6666666666666666,1.0986122886681096
2025-08-10,Dinner,C,Vegetables,2.81,3.0,8.43,2025,8,10,Sunday,32,222,3,True,False,False,False,False,August,Weekend,0.9366666666666666,1.3376291891386096
2025-08-10,Breakfast,C,Meat,4.25,8.0,34.0,2025,8,10,Sunday,32,222,3,True,False,True,True,True,August,Weekend,0.53125,1.6582280766035324
2025-08-10,Lunch,B,Rice,4.21,2.0,8.42,2025,8,10,Sunday,32,222,3,True,False,False,True,False,August,Weekend,2.105,1.6505798557652755
2025-08-10,Lunch,D,Rice,3.72,2.0,7.44,2025,8,10,Sunday,32,222,3,True,False,False,False,False,August,Weekend,1.86,1.551808799597464
2025-08-10,Dinner,B,Meat,4.64,8.0,37.12,2025,8,10,Sunday,32,222,3,True,False,True,True,True,August,Weekend,0.58,1.7298840655099674
2025-08-10,Dinner,D,Vegetables,3.93,3.0,11.790000000000001,2025,8,10,Sunday,32,222,3,True,False,False,False,False,August,Weekend,1.31,1.5953389880545987
2025-08-10,Breakfast,D,Meat,0.81,8.0,6.48,2025,8,10,Sunday,32,222,3,True,False,False,False,False,August,Weekend,0.10125,0.5933268452777344
2025-08-10,Lunch,C,Rice,0.26,2.0,0.52,2025,8,10,Sunday,32,222,3,True,False,False,False,False,August,Weekend,0.13,0.23111172096338664
2025-08-10,Breakfast,D,Soup,1.08,1.5,1.62,2025,8,10,Sunday,32,222,3,True,False,False,False,False,August,Weekend,0.7200000000000001,0.7323678937132266
2025-08-10,Dinner,C,Meat,1.63,8.0,13.04,2025,8,10,Sunday,32,222,3,True,False,False,False,False,August,Weekend,0.20375,0.9669838461896731
2025-08-10,Breakfast,B,Vegetables,3.76,3.0,11.28,2025,8,10,Sunday,32,222,3,True,False,False,False,False,August,Weekend,1.2533333333333332,1.5602476682433286
2025-08-10,Breakfast,A,Rice,0.67,2.0,1.34,2025,8,10,Sunday,32,222,3,True,False,False,False,False,August,Weekend,0.335,0.5128236264286637
2025-08-10,Dinner,A,Vegetables,4.01,3.0,12.03,2025,8,10,Sunday,32,222,3,True,False,False,True,False,August,Weekend,1.3366666666666667,1.6114359150967734
2025-08-10,Dinner,C,Rice,4.88,2.0,9.76,2025,8,10,Sunday,32,222,3,True,False,False,True,False,August,Weekend,2.44,1.7715567619105355
2025-08-10,Breakfast,C,Rice,1.5,2.0,3.0,2025,8,10,Sunday,32,222,3,True,False,False,False,False,August,Weekend,0.75,0.9162907318741551
2025-08-10,Dinner,D,Meat,3.14,8.0,25.12,2025,8,10,Sunday,32,222,3,True,False,True,False,False,August,Weekend,0.3925,1.420695787837223
2025-08-10,Breakfast,B,Meat,2.15,8.0,17.2,2025,8,10,Sunday,32,222,3,True,False,False,False,False,August,Weekend,0.26875,1.1474024528375417
2025-08-10,Breakfast,D,Vegetables,3.38,3.0,10.14,2025,8,10,Sunday,32,222,3,True,False,False,False,False,August,Weekend,1.1266666666666667,1.4770487243883548
2025-08-10,Lunch,B,Vegetables,1.55,3.0,4.65,2025,8,10,Sunday,32,222,3,True,False,False,False,False,August,Weekend,0.5166666666666667,0.9360933591703348
2025-08-10,Lunch,A,Meat,0.89,8.0,7.12,2025,8,10,Sunday,32,222,3,True,False,False,False,False,August,Weekend,0.11125,0.636576829071551
2025-08-10,Breakfast,B,Rice,3.37,2.0,6.74,2025,8,10,Sunday,32,222,3,True,False,False,False,False,August,Weekend,1.685,1.4747630091074988
2025-08-10,Lunch,A,Rice,3.78,2.0,7.56,2025,8,10,Sunday,32,222,3,True,False,False,False,False,August,Weekend,1.89,1.5644405465033646
2025-08-10,Dinner,D,Rice,1.33,2.0,2.66,2025,8,10,Sunday,32,222,3,True,False,False,False,False,August,Weekend,0.665,0.8458682675776092
2025-08-10,Dinner,B,Rice,3.36,2.0,6.72,2025,8,10,Sunday,32,222,3,True,False,False,False,False,August,Weekend,1.68,1.4724720573609429
2025-08-10,Breakfast,A,Soup,2.9,1.5,4.35,2025,8,10,Sunday,32,222,3,True,False,False,False,False,August,Weekend,1.9333333333333333,1.3609765531356006
2025-08-10,Breakfast,C,Vegetables,4.06,3.0,12.18,2025,8,10,Sunday,32,222,3,True,False,False,True,False,August,Weekend,1.3533333333333333,1.6213664832993742
2025-08-10,Dinner,A,Meat,3.94,8.0,31.52,2025,8,10,Sunday,32,222,3,True,False,True,False,True,August,Weekend,0.4925,1.597365331199831
2025-08-10,Dinner,A,Soup,1.51,1.5,2.265,2025,8,10,Sunday,32,222,3,True,False,False,False,False,August,Weekend,1.0066666666666666,0.9202827531436926
